@misc{ceres-solver,
  year = 2010,
  author = "Sameer Agarwal and Keir Mierle",
  title = "Ceres Solver",
  howpublished = "\url{http://ceres-solver.org}",
}

@misc{Asaro:1976:POT,
    title = "Planes of the Head",
    author = "John Asaro",
    year = "1976",
    howpublished = {\url{http://www.planesofthehead.com/}},
}

@article{Park:2006:DSI,
    title = "Discrete Sibson interpolation",
    author = "S. W. Park and L. Linsen and O. Kreylos and J. D. Owens and B. Hamann",
    journal = "IEEE Transactions on Visualization and Computer Graphics",
    volume = "12",
    number = "2",
    month = mar # "\slash " # apr, 
    year = "2006",
    pages = "243--253",
  }

@article{Pellacini:2005:LAH,
  author = "Fabio Pellacini and Kiril Vidim{\v{c}}e and Aaron Lefohn
      and Alex Mohr and Mark Leone and John Warren",
  title = "Lpics: a Hybrid Hardware-Accelerated Relighting
    Engine for Computer Cinematography",
  year = "2005",
  month = aug,
  journal = "ACM Transactions on Graphics",
  volume = "24",
  number = "3",
  pages = "464--470",
  doi = "10.1145/1073204.1073214",
}

@misc{notes2002,
  author = {Hayden Landis},
  title = {Production-Ready Global Illumination},
  howpublished = {ACM SIGGRAPH 2002 Course \#16 Notes},
  month = {July},
  year = {2002}
}

@inproceedings{Jobs95,
  author    = {Daniel J Jobson and {Zia-ur} Rahman and Glenn A Woodell},
  title     = {Retinex image processing: Improved fidelity to direct visual
observation},
  booktitle = {Proceedings of the IS\&T Fourth Color Imaging Conference: Color
Science, Systems, and Applications},
  organization = {The Society for Imaging Science and Technology},
  pages     = {124--125},
  year      = {1995},
  volume    = {4}
}

@inproceedings{fedkiw:2001:VSO,
  author = "Ronald Fedkiw and Jos Stam and Henrik Wann Jensen",
  title = "Visual Simulation of Smoke",
  editor = "Eugene Fiume",
  booktitle = "Proceedings of SIGGRAPH 2001",
  publisher = "ACM Press / ACM SIGGRAPH",
  pages = "15--22",
  year = 2001,
  organization = "ACM",
  series = "Computer Graphics Proceedings, Annual Conference Series"
}

@inproceedings{levoy:2000:TDM,
  author = "Marc Levoy and Kari Pulli and Brian Curless and Szymon Rusinkiewicz and David Koller and Lucas Pereira and Matt Ginzton and Sean Anderson and James Davis and Jeremy Ginsberg and Jonathan Shade and Duane Fulk",
  title = "The Digital Michelangelo Project",
  editor = "Kurt Akeley",
  booktitle = "Proceedings of SIGGRAPH 2000",
  publisher = "ACM Press / ACM SIGGRAPH",
  pages = "131--144",
  year = 2000,
  address = "New York",
  organization = "ACM",
  series = "Computer Graphics Proceedings, Annual Conference Series",
}

@article{sako:2001:SSB,
  author = "Yusaku Sako and Kikuo Fujimura",
  title = "Shape Similarity by Homotropic Deformation",
  journal = "The Visual Computer",
  volume = 16,
  number = 1,
  pages = "47--61",
  publisher = "Springer-Verlag",
  year = 2000,
}

@book{parke:1996:CFA,
  author = "Frederic I. Parke and Keith Waters",
  title = "Computer Facial Animation",
  year = 1996,
  publisher = "A. K. Peters",
}

@mastersthesis{yee:2000:SSA,
  author = "Yang Li Hector Yee",
  title = "Spatiotemporal sensitivity and visual attention for efficient rendering of dynamic environments",
  school = "Cornell University",
  year = 2000,
}

@phdthesis{kartch:2000:ERA,
  author = "Daniel Kartch",
  title = "Efficient Rendering and Compression for Full-Parallax Computer-Generated Holographic Stereograms",
  school = "Cornell University",
  year = 2000,
}

////////////////////////////////////////////////////

// 达摩克利斯之剑
@inproceedings{sutherland1968head,
  title={A head-mounted three dimensional display},
  author={Sutherland, Ivan E},
  booktitle={Proceedings of the December 9-11, 1968, fall joint computer conference, part I},
  pages={757--764},
  year={1968},
  organization={ACM}
}

// flow
@incollection{nakamura2014concept,
  title={The concept of flow},
  author={Nakamura, Jeanne and Csikszentmihalyi, Mihaly},
  booktitle={Flow and the foundations of positive psychology},
  pages={239--263},
  year={2014},
  publisher={Springer}
}

// flow2
@book{csikszentmihalyi1997finding,
  title={Finding flow: The psychology of engagement with everyday life.},
  author={Csikszentmihalyi, Mihaly},
  year={1997},
  publisher={Basic Books}
}

// 3I
@book{Burdea:1994:VRT:177812,
 author = {Burdea, Grigore and Coiffet, Philippe},
 title = {Virtual Reality Technology},
 year = {1994},
 isbn = {0-471-08632-0},
 publisher = {Wiley-Interscience},
 address = {New York, NY, USA},
} 


// being there
@article{heeter1992being,
  title={Being there: The subjective experience of presence},
  author={Heeter, Carrie},
  journal={Presence: Teleoperators \& Virtual Environments},
  volume={1},
  number={2},
  pages={262--271},
  year={1992},
  publisher={MIT Press}
}

// no unified definition of presence 681-2000
@inproceedings{ijsselsteijn2000presence,
  title={Presence: concept, determinants, and measurement},
  author={IJsselsteijn, Wijnand A and De Ridder, Huib and Freeman, Jonathan and Avons, Steve E},
  booktitle={Human Vision and Electronic Imaging V},
  volume={3959},
  pages={520--530},
  year={2000},
  organization={International Society for Optics and Photonics}
}

// no unified definition of presence combine-8
@incollection{birkenbusch2013concepts,
  title={Concepts behind serious games and computer-based trainings in health care: immersion, presence, flow},
  author={Birkenbusch, Jana and Christ, Oliver},
  booktitle={Serious games and virtual worlds in education, professional development, and healthcare},
  pages={1--14},
  year={2013},
  publisher={IGI Global}
}

// no unified definition of presence psi-3
@phdthesis{skarbez2016plausibility,
  title={Plausibility illusion in virtual environments},
  author={Skarbez, Richard T},
  year={2016},
  school={The University of North Carolina at Chapel Hill}
}

// no unified definition of presence 53-1999
@article{darken1999quantitative,
  title={Quantitative measures of presence in virtual environments: The roles of attention and spatial comprehension},
  author={Darken, Rudolph P and Bernatovich, David and Lawson, John P and Peterson, Barry},
  journal={CyberPsychology \& Behavior},
  volume={2},
  number={4},
  pages={337--347},
  year={1999}
}

// PI+PSI
@article{slater2009place,
  title={Place illusion and plausibility can lead to realistic behaviour in immersive virtual environments},
  author={Slater, Mel},
  journal={Philosophical Transactions of the Royal Society B: Biological Sciences},
  volume={364},
  number={1535},
  pages={3549--3557},
  year={2009},
  publisher={The Royal Society}
}

// 生物节律 + All10 + 褪黑素 + 夹带
@article{duffy2005entrainment,
  title={Entrainment of the human circadian system by light},
  author={Duffy, Jeanne F and Wright Jr, Kenneth P},
  journal={Journal of biological rhythms},
  volume={20},
  number={4},
  pages={326--338},
  year={2005},
  publisher={Sage Publications Sage CA: Thousand Oaks, CA}
}

// 博士论文 + 音乐节奏
@article{pizarro2016s,
  title={It’s About Time: The Illusions of Time Perception and Travel in Immersive Virtual Reality},
  author={Pizarro Lozano, Rodrigo},
  year={2016},
  publisher={Universitat de Barcelona}
}

// 其他场景中也存在授时因子
@inproceedings{bruder2014threefolded,
  title={Threefolded motion perception during immersive walkthroughs},
  author={Bruder, Gerd and Steinicke, Frank},
  booktitle={Proceedings of the 20th ACM symposium on virtual reality software and technology},
  pages={177--185},
  year={2014},
  organization={ACM}
}

// time mispercive - music
@inproceedings{sanders2010time,
  title={Time perception, immersion and music in videogames},
  author={Sanders, Timothy and Cairns, Paul},
  booktitle={Proceedings of the 24th BCS interaction specialist group conference},
  pages={160--167},
  year={2010},
  organization={British Computer Society}
}

// time mispercive - video game time passing 
@article{tobin2009video,
  title={Video games and the perception of very long durations by adolescents},
  author={Tobin, Simon and Grondin, Simon},
  journal={Computers in Human Behavior},
  volume={25},
  number={2},
  pages={554--559},
  year={2009},
  publisher={Elsevier}
}

// being there 1
@article{held1992telepresence,
  title={Telepresence},
  author={Held, Richard M and Durlach, Nathaniel I},
  journal={Presence: Teleoperators \& Virtual Environments},
  volume={1},
  number={1},
  pages={109--112},
  year={1992},
  publisher={MIT Press}
}

// being there 2
@article{sheridan1992musings,
  title={Musings on telepresence and virtual presence},
  author={Sheridan, Thomas B},
  journal={Presence: Teleoperators \& Virtual Environments},
  volume={1},
  number={1},
  pages={120--126},
  year={1992},
  publisher={MIT Press}
}

// being there 3
@article{barfield1993sense,
  title={The sense of presence within virtual environments: A conceptual framework},
  author={Barfield, Woodrow and Weghorst, Suzanne},
  journal={Advances in Human Factors Ergonomics},
  volume={19},
  pages={699--699},
  year={1993}
}

// being there 4
@article{sheridan1996further,
  title={Further musings on the psychophysics of presence},
  author={Sheridan, Thomas B},
  journal={Presence: Teleoperators \& Virtual Environments},
  volume={5},
  number={2},
  pages={241--246},
  year={1996},
  publisher={MIT Press}
}

// being there 5
@article{slater1997framework,
  title={A framework for immersive virtual environments (FIVE): Speculations on the role of presence in virtual environments},
  author={Slater, Mel and Wilbur, Sylvia},
  journal={Presence: Teleoperators \& Virtual Environments},
  volume={6},
  number={6},
  pages={603--616},
  year={1997},
  publisher={MIT Press}
}

// being there 6
@article{draper1998telepresence,
  title={Telepresence},
  author={Draper, John V and Kaber, David B and Usher, John M},
  journal={Human factors},
  volume={40},
  number={3},
  pages={354--375},
  year={1998},
  publisher={SAGE Publications Sage CA: Los Angeles, CA}
}

// being there 7
@article{bystrom1999conceptual,
  title={A conceptual model of the sense of presence in virtual environments},
  author={Bystrom, Karl-Erik and Barfield, Woodrow and Hendrix, Claudia},
  journal={Presence: Teleoperators \& Virtual Environments},
  volume={8},
  number={2},
  pages={241--244},
  year={1999},
  publisher={MIT Press}
}

// being there 8
@article{sanchez2005presence,
  title={From presence to consciousness through virtual reality},
  author={Sanchez-Vives, Maria V and Slater, Mel},
  journal={Nature Reviews Neuroscience},
  volume={6},
  number={4},
  pages={332},
  year={2005},
  publisher={Nature Publishing Group}
}

// feeling real
@article{parola2016turning,
  title={Turning presence inside-out: Metanarratives},
  author={Parola, Max and Johnson, Samuel and West, Ruth},
  journal={Electronic Imaging},
  volume={2016},
  number={4},
  pages={1--9},
  year={2016},
  publisher={Society for Imaging Science and Technology}
}

// immersion - objective tech other481
@article{bowman2007virtual,
  title={Virtual reality: how much immersion is enough?},
  author={Bowman, Doug A and McMahan, Ryan P},
  journal={Computer},
  volume={40},
  number={7},
  pages={36--43},
  year={2007},
  publisher={IEEE}
}

// immersion - objective tech 2 combine8
@article{slater1999measuring,
  title={Measuring presence: A response to the Witmer and Singer presence questionnaire},
  author={Slater, Mel},
  journal={Presence},
  volume={8},
  number={5},
  pages={560--565},
  year={1999},
  publisher={MIT Press}
}

// immersion - objective tech3 134-2001
@article{riva2011intention,
  title={From intention to action: The role of presence},
  author={Riva, Giuseppe and Waterworth, John A and Waterworth, Eva L and Mantovani, Fabrizia},
  journal={New Ideas in Psychology},
  volume={29},
  number={1},
  pages={24--37},
  year={2011},
  publisher={Elsevier}
}

// zeitgebers definition
@incollection{pittendrigh1981circadian,
  title={Circadian systems: general perspective},
  author={Pittendrigh, Colin S},
  booktitle={Biological rhythms},
  pages={57--80},
  year={1981},
  publisher={Springer}
}

// emotion-based explanation
@article{angrilli1997influence,
  title={The influence of affective factors on time perception},
  author={Angrilli, Alessandro and Cherubini, Paolo and Pavese, Antonella and Manfredini, Sara},
  journal={Perception \& psychophysics},
  volume={59},
  number={6},
  pages={972--982},
  year={1997},
  publisher={Springer}
}

// paradigm explanation
@article{block1997prospective,
  title={Prospective and retrospective duration judgments: A meta-analytic review},
  author={Block, Richard A and Zakay, Dan},
  journal={Psychonomic bulletin \& review},
  volume={4},
  number={2},
  pages={184--197},
  year={1997},
  publisher={Springer}
}

// 传统授时因子分类 自然人造社会
@article{fleissner20138,
  title={8. Perception of Natural Zeitgeber Signals},
  author={Fleissner, G},
  journal={Biological Rhythms},
  pages={83},
  year={2013},
  publisher={Springer Science \& Business Media}
}

// measure cognitive load 1 physiological
@book{kahneman1973attention,
  title={Attention and effort},
  author={Kahneman, Daniel},
  volume={1063},
  year={1973},
  publisher={Citeseer}
}

//dual-task
@article{woollacott2002attention,
  title={Attention and the control of posture and gait: a review of an emerging area of research},
  author={Woollacott, Marjorie and Shumway-Cook, Anne},
  journal={Gait \& posture},
  volume={16},
  number={1},
  pages={1--14},
  year={2002},
  publisher={Elsevier}
}

// attention1
@book{kahneman1973attention,
  title={Attention and effort},
  author={Kahneman, Daniel},
  volume={1063},
  year={1973},
  publisher={Citeseer}
}

// attention2
@article{navon1979economy,
  title={On the economy of the human-processing system.},
  author={Navon, David and Gopher, Daniel},
  journal={Psychological review},
  volume={86},
  number={3},
  pages={214},
  year={1979},
  publisher={American Psychological Association}
}

// atention3
@article{wickens1980processing,
  title={Processing resource demands of failure detection in dynamic systems.},
  author={Wickens, Christopher D and Kessel, Colin},
  journal={Journal of Experimental Psychology: Human Perception and Performance},
  volume={6},
  number={3},
  pages={564},
  year={1980},
  publisher={American Psychological Association}
}

// 时间知觉
@article{宋其争2004时间认知的理论模型探析,
  title={时间认知的理论模型探析},
  author={宋其争 and 黄希庭},
  journal={西南师范大学学报 (人文社会科学版)},
  volume={30},
  number={1},
  pages={25--28},
  year={2004}
}

// 时距加工机制
@phdthesis{张志杰2006不同时距加工机制的比较,
  title={不同时距加工机制的比较: 来自 ERP 的证据 (Ⅰ)},
  author={张志杰 and 袁宏 and 黄希庭},
  year={2006}
}

// 时距认知的影响因素
@article{angrilli1997influence,
  title={The influence of affective factors on time perception},
  author={Angrilli, Alessandro and Cherubini, Paolo and Pavese, Antonella and Manfredini, Sara},
  journal={Perception \& psychophysics},
  volume={59},
  number={6},
  pages={972--982},
  year={1997},
  publisher={Springer}
}



// prorespective & retrospective
@article{buhusi2005makes,
  title={What makes us tick? Functional and neural mechanisms of interval timing},
  author={Buhusi, Catalin V and Meck, Warren H},
  journal={Nature reviews neuroscience},
  volume={6},
  number={10},
  pages={755},
  year={2005},
  publisher={Nature Publishing Group}
}

// pro & retro
@article{gibbon1997toward,
  title={Toward a neurobiology of temporal cognition: advances and challenges},
  author={Gibbon, John and Malapani, Chara and Dale, Corby L and Gallistel, Charles R},
  journal={Current opinion in neurobiology},
  volume={7},
  number={2},
  pages={170--184},
  year={1997},
  publisher={Elsevier}
}

// IP & 认知负载
@article{gibbon1984scalar,
  title={Scalar timing in memory},
  author={Gibbon, John and Church, Russell M and Meck, Warren H},
  journal={Annals of the New York Academy of sciences},
  volume={423},
  number={1},
  pages={52--77},
  year={1984},
  publisher={Wiley Online Library}
}

// 生理唤醒对时距的影响
@article{burle2001dissociation,
  title={Dissociation between activation and attention effects in time estimation: implications for internal clock models.},
  author={Burle, Boris and Casini, Laurence},
  journal={Journal of Experimental Psychology: Human Perception and Performance},
  volume={27},
  number={1},
  pages={195},
  year={2001},
  publisher={American Psychological Association}
}

// immersion - time perception
@article{jancke2009virtual,
  title={Virtual reality and the role of the prefrontal cortex in adults and children.},
  author={J{\"a}ncke, Lutz and Cheetham, Marcus and Baumgartner, Thomas},
  journal={Frontiers in neuroscience},
  volume={3},
  pages={6},
  year={2009},
  publisher={Frontiers}
}

// 情绪效价对时间感知影响
@article{noulhiane2007emotional,
  title={How emotional auditory stimuli modulate time perception.},
  author={Noulhiane, Marion and Mella, Nathalie and Samson, S and Ragot, R and Pouthas, Viviane},
  journal={Emotion},
  volume={7},
  number={4},
  pages={697},
  year={2007},
  publisher={American Psychological Association}
}

// 前瞻比回溯准确
@article{杨珍2006时距估计范式与方法效应的实验研究,
  title={时距估计范式与方法效应的实验研究},
  author={杨珍},
  journal={重庆: 西南大学心理学院},
  year={2006}
}

// post-immersive
@article{steuer1992defining,
  title={Defining virtual reality: Dimensions determining telepresence},
  author={Steuer, Jonathan},
  journal={Journal of communication},
  volume={42},
  number={4},
  pages={73--93},
  year={1992},
  publisher={Wiley Online Library}
}

// social zeitgebers
@article{ehlers1988social,
  title={Social zeitgebers and biological rhythms: a unified approach to understanding the etiology of depression},
  author={Ehlers, Cindy L and Frank, Ellen and Kupfer, David J},
  journal={Archives of general psychiatry},
  volume={45},
  number={10},
  pages={948--952},
  year={1988},
  publisher={American Medical Association}
}

// SCN
@article{buijs2003circadian,
  title={Circadian and Seasonal Rhythms-The biological clock tunes the organs of the body: Timing by hormones and the autonomic nervous system},
  author={Buijs, RM and Eden, CG van and Goncharuk, VD and Kalsbeek, A},
  journal={Journal of Endocrinology},
  volume={177},
  number={1},
  pages={17--26},
  year={2003},
  publisher={Citeseer}
}

// SCN 2
@article{albrecht2003mammalian,
  title={The mammalian circadian clock},
  author={Albrecht, Urs and Eichele, Gregor},
  journal={Current opinion in genetics \& development},
  volume={13},
  number={3},
  pages={271--277},
  year={2003},
  publisher={Elsevier}
}

// temperatrue zetgebers
@article{lopez2006light,
  title={Light and temperature cycles as zeitgebers of zebrafish (Danio rerio) circadian activity rhythms},
  author={L{\'o}pez-Olmeda, Jos{\'e} F and Madrid, Juan A and S{\'a}nchez-V{\'a}zquez, Francisco J},
  journal={Chronobiology international},
  volume={23},
  number={3},
  pages={537--550},
  year={2006},
  publisher={Taylor \& Francis}
}

// 图像逼真度
@article{welch1996effects,
  title={The effects of pictorial realism, delay of visual feedback, and observer interactivity on the subjective sense of presence},
  author={Welch, Robert B and Blackmon, Theodore T and Liu, Andrew and Mellers, Barbara A and Stark, Lawrence W},
  journal={Presence: Teleoperators \& Virtual Environments},
  volume={5},
  number={3},
  pages={263--273},
  year={1996},
  publisher={MIT Press}
}

// 帧率
@article{chan1996effects,
  title={Effects of compression on soft tissue optical properties},
  author={Chan, Eric K and Sorg, Brian and Protsenko, Dmitry and O'Neil, Michael and Motamedi, Massoud and Welch, Ashley J},
  journal={IEEE Journal of selected topics in quantum electronics},
  volume={2},
  number={4},
  pages={943--950},
  year={1996},
  publisher={IEEE}
}

// 动态阴影
@incollection{slater1995influence,
  title={The influence of dynamic shadows on presence in immersive virtual environments},
  author={Slater, Mel and Usoh, Martin and Chrysanthou, Yiorgos},
  booktitle={Virtual environments’ 95},
  pages={8--21},
  year={1995},
  publisher={Springer}
}

// 视域
Prothero J D. Widening the field-of-view increases the sense of presence in immersive virtual environments[J]. Human interface technology laboratory technical report, 1995.

// psi-7
@article{Skarbez2017A,
  title={A Psychophysical Experiment Regarding Components of the.},
  author={Skarbez, R and Neyret, S and Brooks, F. P. and Slater, M and Whitton, M. C.},
  journal={IEEE Transactions on Visualization \& Computer Graphics},
  volume={23},
  number={4},
  pages={1369-1378},
  year={2017},
}

// sp-11
@book{Hartmann2015Spatial,
  title={Spatial Presence Theory: State of the Art and Challenges Ahead},
  author={Hartmann, Tilo and Wirth, Werner and Vorderer, Peter and Klimmt, Christoph and Schramm, Holger and Böcking, Saskia},
  year={2015},
}

// evocked 25
@article{Pillai2013Achieving,
  title={Achieving Presence through Evoked Reality.},
  author={Pillai, J. S. and Schmidt, C and Richir, S},
  journal={Frontiers in Psychology},
  volume={4},
  number={2},
  pages={86},
  year={2013},
}

// combined-8
@inbook{inbook,
author = {Birkenbusch, Jana and Christ, Oliver},
year = {2013},
month = {03},
pages = {1-14},
title = {Concepts behind Serious Games and Computer Based Trainings in Health Care: Immersion, Presence, Flow.},
journal = {Serious Games and Virtual Worlds in Education, Professional Development, and Healthcare},
doi = {10.4018/978-1-4666-3673-6.ch001}
}

// sus
@ARTICLE{Catena00usingpresence,
    author = {Ernest Catena and Sima Arman and Mel Slater},
    title = {Using presence questionnaires in reality},
    journal = {Presence},
    year = {2000},
    volume = {9},
    pages = {497--503}
}

// questionnaires 761-2001
@INPROCEEDINGS{Schubert01theexperience,
    author = {Thomas Schubert and Frank Friedmann and Holger Regenbrecht},
    title = {The experience of presence: Factor analytic insights},
    booktitle = {PRESENCE: TELEOPERATORS \& VIRTUAL ENVIRONMENTS},
    year = {2001},
    pages = {266--281},
    publisher = {}
}

// flow questionnaire
@ARTICLE{Seligman00positivepsychology:,
    author = {Martin E. P. Seligman and Mihaly Csikszentmihalyi},
    title = {Positive psychology: An introduction},
    journal = {American Psychologist},
    year = {2000},
    pages = {5--14}
}

// qoe
@inproceedings{Zhang2017Spatial,
  title={Spatial immersion versus emotional immersion, which is more immersive?},
  author={Zhang, Chenyan and Perkis, Andrew and Arndt, Sebastian},
  booktitle={Ninth International Conference on Quality of Multimedia Experience},
  year={2017},
}

// performance
@book{Schloerb1995A,
  title={A Quantitative Measure of Telepresence},
  author={Schloerb, David W.},
  year={1995},
}

// multimodal-5
@MISC{Kuschel_apresence,
    author = {Martin Kuschel and Franziska Freyberger and Martin Buss and Berthold Färber},
    title = { A Presence Measure for Virtual Reality and Telepresence Based on Multimodal Conflicts},
    year = {}
}

@inproceedings{kuschel2007presence,
  title={A presence measure for virtual reality and telepresence based on multimodal conflicts},
  author={Kuschel, Martin and Freyberger, Franziska and Buss, Martin and F{\"a}rber, Berthold},
  booktitle={Proceedings of PRESENCE 2007: The 10th Annual International Workshop on Presence},
  year={2007},
  organization={Citeseer}
}

// 23-2010
@article{Wissmath2010Measuring,
  title={Measuring presence with verbal versus pictorial scales: a comparison between online- and ex post-ratings.},
  author={Wissmath, Bartholomäus and Weibel, David and Mast, Fred W},
  journal={Virtual Reality},
  volume={14},
  number={1},
  pages={43-53},
  year={2010},
}

//intrusive
@article{van2004measuring,
  title={Measuring presence: A guide to current measurement approaches},
  author={Van Baren, Joy},
  journal={Deliverable of the OmniPres project IST-2001-39237},
  year={2004}
}

// objective method uncertain
@article{kim1997telepresence,
  title={Telepresence via television: Two dimensions of telepresence may have different connections to memory and persuasion.},
  author={Kim, Taeyong and Biocca, Frank},
  journal={Journal of computer-mediated communication},
  volume={3},
  number={2},
  pages={JCMC325},
  year={1997},
  publisher={Oxford University Press Oxford, UK}
}

@book{Breus:2016,
  author = "Michael J. Breus",
  title = "The Power of When: Discover Your Chronotype--and the Best Time to Eat Lunch, Ask for a Raise, Have Sex, Write a Novel, Take Your Meds, and More",
  year = 2016,
  publisher = "Little, Brown and Company"
}

@phdthesis{莫文2008心理学实验中的各种效应及解决办法,
  title={心理学实验中的各种效应及解决办法},
  author={莫文},
  year={2008}
}

//time and gender
@article{hancock1992effect,
  title={The effect of gender and time-of-day on time perception and mental workload},
  author={Hancock, PA and Vercruyssen, M and Rodenburg, GJ},
  journal={Current Psychology},
  volume={11},
  number={3},
  pages={203--225},
  year={1992},
  publisher={Springer}
}


// ALL0
@article{schatzschneider2016turned,
  title={Who turned the clock? Effects of manipulated zeitgebers, cognitive load and immersion on time estimation},
  author={Schatzschneider, Christian and Bruder, Gerd and Steinicke, Frank},
  journal={IEEE transactions on visualization and computer graphics},
  volume={22},
  number={4},
  pages={1387--1395},
  year={2016},
  publisher={IEEE}
}

@inproceedings{steinicke2014self, 
title={A self-experimentation report about long-term use of fully-immersive technology}, 
author={Steinicke, Frank and Bruder, Gerd}, 
booktitle={Proceedings of the 2nd ACM symposium on Spatial user interaction}, 
pages={66--69}, 
year={2014}, 
organization={ACM} 
}

// ALL2 zeitgebers 起源 - 光和温度是最重要的授时因子
@article{aschoff1965circadian, 
title={Circadian rhythms in man}, 
author={Aschoff, J{\"u}rgen}, 
journal={Science}, 
volume={148}, 
number={3676}, 
pages={1427--1432}, 
year={1965}, 
publisher={JSTOR} 
}

@article{ivry2008dedicated, 
title={Dedicated and intrinsic models of time perception}, 
author={Ivry, Richard B and Schlerf, John E}, 
journal={Trends in cognitive sciences}, 
volume={12}, 
number={7}, 
pages={273--280}, 
year={2008}, 
publisher={Elsevier} 
}

// ALL4 - emotion-based explanation
@inproceedings{rietzler2017matrix, 
title={The matrix has you: realizing slow motion in full-body virtual reality}, 
author={Rietzler, Michael and Geiselhart, Florian and Rukzio, Enrico}, 
booktitle={Proceedings of the 23rd ACM Symposium on Virtual Reality Software and Technology}, 
pages={2}, 
year={2017}, 
organization={ACM} 
}

@mastersthesis{berg2017time, 
title={Time perception in virtual reality}, 
author={Berg, Dani{\"e}lle van den and others}, 
year={2017} 
}

@article{friedman2014method, 
title={A method for generating an illusion of backwards time travel using immersive virtual reality—an exploratory study}, 
author={Friedman, Doron and Pizarro, Rodrigo and Or-Berkers, Keren and Neyret, Sol{`e}ne and Pan, Xueni and Slater, Mel}, 
journal={Frontiers in psychology}, 
volume={5}, 
pages={943}, 
year={2014}, 
publisher={Frontiers} 
}

//all7 [21]
@article{eagleman2008human,
  title={Human time perception and its illusions},
  author={Eagleman, David M},
  journal={Current opinion in neurobiology},
  volume={18},
  number={2},
  pages={131--136},
  year={2008},
  publisher={Elsevier}
}

//all8 [39]
@article{thomas1975cognitive,
  title={Cognitive processing and time perception},
  author={Thomas, Ewart AC and Weaver, Wanda B},
  journal={Perception \& Psychophysics},
  volume={17},
  number={4},
  pages={363--367},
  year={1975},
  publisher={Springer}
}

//all9 [9] - attention-based explanation
@article{block2010cognitive,
  title={How cognitive load affects duration judgments: A meta-analytic review},
  author={Block, Richard A and Hancock, Peter A and Zakay, Dan},
  journal={Acta psychologica},
  volume={134},
  number={3},
  pages={330--343},
  year={2010},
  publisher={Elsevier}
}

//all10 [35] - light is stongest - 由太阳时间而不是社会时间进行夹带
@article{roenneberg2007human,
  title={The human circadian clock entrains to sun time},
  author={Roenneberg, Till and Kumar, C Jairaj and Merrow, Martha},
  journal={Current Biology},
  volume={17},
  number={2},
  pages={R44--R45},
  year={2007},
  publisher={Elsevier}
}


//all11 [20] emotion-based explanation
@article{droit2007emotions,
  title={How emotions colour our perception of time},
  author={Droit-Volet, Sylvie and Meck, Warren H},
  journal={Trends in cognitive sciences},
  volume={11},
  number={12},
  pages={504--513},
  year={2007},
  publisher={Elsevier}
}


//all12 [36]
@article{schneider2011effect,
  title={Effect of virtual reality on time perception in patients receiving chemotherapy},
  author={Schneider, Susan M and Kisby, Cassandra K and Flint, Elizabeth P},
  journal={Supportive Care in Cancer},
  volume={19},
  number={4},
  pages={555--564},
  year={2011},
  publisher={Springer}
}

//all13 - attention-based explanation

@article{张义芳2011时间知觉的影响因素研究综述,
  title={时间知觉的影响因素研究综述},
  author={张义芳 and 丁峻},
  journal={南昌工程學院學報},
  volume={30},
  number={2},
  pages={31--34},
  year={2011},
  publisher={南昌工程學院學報編輯部}
}

//all 14 paradigm
@article{赵雪2012时距知觉研究综述,
  title={时距知觉研究综述},
  author={赵雪 and 尹艳新},
  journal={边疆经济与文化},
  number={9},
  pages={160-161},
  year={2012},
}

//all 15
@article{林苗2012注意在时间知觉中的作用及其理论模型,
  title={注意在时间知觉中的作用及其理论模型},
  author={林苗 and 钱秀莹},
  journal={心理科学进展},
  volume={20},
  number={6},
  pages={875--882},
  year={2012}
}

//all 16 ssq
@article{kennedy1993simulator,
  title={Simulator sickness questionnaire: An enhanced method for quantifying simulator sickness},
  author={Kennedy, Robert S and Lane, Norman E and Berbaum, Kevin S and Lilienthal, Michael G},
  journal={The international journal of aviation psychology},
  volume={3},
  number={3},
  pages={203--220},
  year={1993},
  publisher={Taylor \& Francis}
}

//all 17 - pq itq
@article{witmer1998measuring,
  title={Measuring presence in virtual environments: A presence questionnaire},
  author={Witmer, Bob G and Singer, Michael J},
  journal={Presence},
  volume={7},
  number={3},
  pages={225--240},
  year={1998},
  publisher={MIT Press}
}

//all 18
@article{周荣刚2004虚拟环境中临境感及其测量方法,
  title={虚拟环境中临境感及其测量方法},
  author={周荣刚 and 张侃},
  journal={心理科学进展},
  volume={12},
  number={02},
  pages={201--208},
  year={2004}
}

//all 19
@article{wiederhold2001investigation,
  title={An investigation into physiological responses in virtual environments: an objective measurement of presence},
  author={Wiederhold, Brenda K and Jang, Dong P and Kaneda, Mayumi and Cabral, Irene and Lurie, Yair and May, T and Kim, IY and Wiederhold, Mark D and Kim, SI},
  journal={Towards cyberpsychology: Mind, cognitions and society in the internet age},
  year={2001}
}

//all 20
@article{riva20037,
  title={7 Measuring Presence: Subjective, Behavioral and Physiological Methods},
  author={Riva, G and Davide, F and IJsselsteijn, WA},
  journal={Being there: Concepts, effects and measurement of user presence in synthetic environments},
  pages={110--118},
  year={2003}
}

//all 21
@inproceedings{ijsselsteijn2000presence,
  title={Presence: concept, determinants, and measurement},
  author={IJsselsteijn, Wijnand A and De Ridder, Huib and Freeman, Jonathan and Avons, Steve E},
  booktitle={Human Vision and Electronic Imaging V},
  volume={3959},
  pages={520--530},
  year={2000},
  organization={International Society for Optics and Photonics}
}

//all 22
@inproceedings{meehan2002physiological,
  title={Physiological measures of presence in stressful virtual environments},
  author={Meehan, Michael and Insko, Brent and Whitton, Mary and Brooks Jr, Frederick P},
  booktitle={Acm transactions on graphics (tog)},
  volume={21},
  number={3},
  pages={645--652},
  year={2002},
  organization={ACM}
}

//all 23
@article{azevedo2014combining,
  title={Combining eeg data with place and plausibility responses as an approach to measuring presence in outdoor virtual environments},
  author={Azevedo, Ant{\'o}nio S{\'e}rgio and Jorge, Joaquim and Campos, Pedro},
  journal={Presence: Teleoperators and Virtual Environments},
  volume={23},
  number={4},
  pages={354--368},
  year={2014},
  publisher={MIT Press}
}

