% Copyright (c) 2017-2018, Gabriel Hjort Blindell <ghb@kth.se>
%
% This work is licensed under a Creative Commons Attribution-NoDerivatives 4.0
% International License (see LICENSE file or visit
% <http://creativecommons.org/licenses/by-nd/4.0/legalcode> for a copy of the
% license).

@manual{ACE:2003,
  key          = {CoSy},
  title        = {CoSy Compilers: Overview of Construction and Operation},
  organization = {ACE Associated Compiler Experts},
  year         = {2003},
  istype       = {NONE},
}

@inproceedings{Adl-TabatabaiEtAl:1996,
  author    = {Adl-Tabatabai, Ali-Reza and Langdale, Geoff and Lucco, Steven
               and Wahbe, Robert},
  title     = {Efficient and Language-Independent Mobile Programs},
  booktitle = {Proceedings of PLDI'96},
  year      = {1996},
  pages     = {127--136},
  publisher = {ACM},
  istype    = {MACRO},
}

@article{AggounBeldiceanu:1993,
  author       = {Abderrahmane Aggoun and Nicolas Beldiceanu},
  title        = {Extending CHIP in Order to Solve Complex Scheduling and
                  Placement Problems},
  journaltitle = {Mathematical and Computer Modelling},
  volume       = {17},
  number       = {7},
  pages        = {57--73},
  year         = {1993},
  publisher    = {Elsevier},
  istype       = {NONE},
}

@inproceedings{AhnEtAl:2009,
  author    = {Ahn, Minwook and Youn, Jonghee M. and Choi, Youngkyu and
               Cho, Doosan and Paek, Yunheung},
  title     = {Iterative Algorithm for Compound Instruction Selection with
               Register Coalescing},
  booktitle = {Proceedings of DSD'09},
  year      = {2009},
  pages     = {513--520},
  publisher = {IEEE Computer Society},
  istype    = {DAG},
}

@article{AhoCorasick:1975,
  author       = {Aho, Alfred V. and Corasick, Margaret J.},
  title        = {Efficient String Matching: An Aid to Bibliographic Search},
  journaltitle = {Communications of the ACM},
  volume       = {18},
  number       = {6},
  year         = {1975},
  pages        = {333--340},
  istype       = {NONE},
}

@article{AhoJohnson:1976,
  author       = {Aho, A. V. and Johnson, S. C.},
  title        = {Optimal Code Generation for Expression Trees},
  journaltitle = {Journal of the ACM},
  volume       = {23},
  number       = {3},
  year         = {1976},
  pages        = {488--501},
  istype       = {TREE},
}

@inproceedings{AhoEtAl:1976,
  author    = {Aho, A. V. and Johnson, S. C. and Ullman, J. D.},
  title     = {Code Generation for Expressions with Common Subexpressions},
  booktitle = {Proceedings of POPL'76},
  year      = {1976},
  pages     = {19--31},
  publisher = {ACM},
  istype    = {DAG},
}

@inproceedings{AhoGanapthi:1985,
  author    = {Aho, Alfred V. and Ganapathi, Mahadevan},
  title     = {Efficient Tree Pattern Matching: An Aid to Code Generation},
  booktitle = {Proceedings of POPL'85},
  year      = {1985},
  pages     = {334--340},
  publisher = {ACM},
  istype    = {TREE},
}

@article{AhoEtAl:1989,
  author       = {Aho, Alfred V. and Ganapathi, Mahadevan and
                  Tjiang, Steven W. K.},
  title        = {Code Generation Using Tree Matching and Dynamic Programming},
  journaltitle = {ACM Transactions on Programming Languages and Systems},
  volume       = {11},
  number       = {4},
  year         = {1989},
  pages        = {491--516},
  istype       = {TREE},
}

@book{AhoEtAl:2006,
  author       = {Aho, Alfred V. and Lam, Monica S. and Sethi, Ravi and
                  Ullman, Jeffrey D.},
  title        = {Compilers: Principles, Techniques, \& Tools},
  edition      = {2},
  year         = {2006},
  chapter      = {4},
  pages        = {197--209},
  publisher    = {Pearson},
  istype       = {NONE},
}

@inproceedings{AigrainEtAl:1984,
  author    = {Aigrain, Philippe and Graham, Susan L. and Henry, Robert R. and
               McKusick, Marshall Kirk and Pelegr\'{\i}-Llopart, Eduardo},
  title     = {Experience with a Graham-Glanville Style Code Generator},
  booktitle = {Proceedings of CC'84},
  year      = {1984},
  pages     = {13--24},
  publisher = {ACM},
  istype    = {TREE},
}

@article{AllenKennedy:1987,
  author       = {Allen, Randy and Kennedy, Ken},
  title        = {Automatic Translation of FORTRAN Programs to Vector Form},
  journaltitle = {Transactions on Programming Language Systems},
  volume       = {9},
  number       = {4},
  year         = {1987},
  pages        = {491--542},
  publisher    = {ACM},
  istype       = {NONE},
}

@inproceedings{AlmerEtAl:2009,
  author    = {Almer, Oscar and Bennett, Richard and B\"ohm, Igor and
               Murray, Alastair and Qu, Xinhao and Zuluaga, Marcela and
               Franke, Bj\"orn and Topham, Nigel},
  title     = {An End-to-End Design Flow for Automated Instruction Set Extension
               and Complex Instruction Selection based on GCC},
  booktitle = {Proceedings of GROW'09},
  year      = {2009},
  pages     = {49--60},
  istype    = {NONE},
}

@techreport{AmmannEtAl:1974,
  author      = {Ammann, U. and Nori, K. V. and Jensen, K. and N\"ageli, H.H.},
  title       = {The PASCAL (P) Compiler Implementation Notes},
  institution = {Instituts f\"ur Informatik},
  location    = {Eidgen\"ossische Technishe Hochschule, Z\"urich, Switzerland},
  year        = {1974},
  istype      = {MACRO},
}

@techreport{AmmannEtAl:1977,
  author      = {Ammann, Urs},
  title       = {On Code Generation in a PASCAL Compiler},
  institution = {Instituts f\"ur Informatik},
  location    = {Eidgen\"ossische Technishe Hochschule, Z\"urich, Switzerland},
  year        = {1977},
  istype      = {MACRO},
}

@incollection{AnckaertEtAl:2005,
  author    = {Anckaert, Bertrand and Sutter, Bjorn and Chanet, Dominique and
              Bosschere, Koen},
  title     = {Steganography for Executables and Code Transformation
               Signatures},
  year      = {2005},
  booktitle = {Proceedings of ICICS'05},
  pages     = {425--439},
  publisher = {Springer},
  istype    = {NONE},
}

@article{Anderson:1964,
  author       = {Anderson, James P.},
  title        = {A Note on Some Compiling Algorithms},
  journaltitle = {Communications of the ACM},
  volume       = {7},
  number       = {3},
  year         = {1964},
  pages        = {149--150},
  istype       = {NONE},
}

@techreport{AppelEtAl:1998,
  author      = {Appel, Andrew and Davidson, Jack and Ramsey, Norman},
  title       = {The Zephyr Compiler Infrastructure},
  institution = {University of Virginia},
  location    = {Charlottesville, Virginia, USA},
  year        = {1998},
  istype      = {MACRO},
}

@inproceedings{AratoEtAl:2003,
  author    = {Arat\'o, P. and Juh\'asz, S. and Mann, Z. A. and
               Orb\'an, A. and Papp, D.},
  title     = {Hardware-Software Partitioning in Embedded System Design},
  booktitle = {Proceedings of ISP'03},
  pages     = {197--202},
  year      = {2003},
  publisher = {IEEE Computer Society},
  istype    = {NONE},
}

@inproceedings{AraujoMalik:1995,
  author    = {Araujo, Guido and Malik, Sharad},
  title     = {Optimal Code Generation for Embedded Memory Non-Homogeneous
               Register Architectures},
  booktitle = {Proceedings of ISSS'95},
  year      = {1995},
  pages     = {36--41},
  publisher = {ACM},
  istype    = {TREE},
}

@inproceedings{AraujoEtAl:1996,
  author    = {Araujo, Guido and Malik, Sharad and Lee, Mike Tien-Chien},
  title     = {Using Register-Transfer Paths in Code Generation for
               Heterogeneous Memory-Register Architectures},
  booktitle = {Proceedings of DAC'96},
  year      = {1996},
  pages     = {591--596},
  publisher = {ACM},
  istype    = {DAG},
}

@manual{ARM11:2008,
  key          = {ARM11},
  title        = {ARM11 MPCore Processor},
  date         = {2018-10-15},
  number       = {ARM DDI 0360F},
  version      = {r2p0},
  organization = {ARM},
  istype       = {NONE},
}

@manual{ARM:Cortex-M7:2015,
  sortkey      = {ARM Cortex-M7},
  title        = {ARM Cortex-M7 Devices: Generic User Guide},
  date         = {2015-03-19},
  number       = {ARM DUI 0646A},
  organization = {ARM},
  istype       = {NONE},
}

@techreport{Arnold:1999,
  author      = {Arnold, Marnix},
  title       = {Matching and Covering with Multiple-Output Patterns},
  year        = {1999},
  institution = {Delft University of Technology},
  location    = {Delft, The Netherlands},
  istype      = {DAG},
}

@inproceedings{ArnoldCorporaal:1999,
  author    = {Arnold, Marnix and Corporaal, Henk},
  title     = {Automatic Detection of Recurring Operation Patterns},
  booktitle = {Proceedings of CODES'99},
  year      = {1999},
  pages     = {22--26},
  publisher = {ACM},
  istype    = {DAG},
}

@inproceedings{ArnoldCorporaal:2001,
  author    = {Arnold, Marnix and Corporaal, Henk},
  title     = {Designing Domain-Specific Processors},
  booktitle = {Proceedings of CODES'01},
  year      = {2001},
  pages     = {61--66},
  publisher = {ACM},
  istype    = {DAG},
}

@inproceedings{AroraEtAl:2010,
  author    = {Arora, N. and Chandramohan, K. and Pothineni, N. and Kumar, A.},
  title     = {Instruction Selection in ASIP Synthesis Using Functional
               Matching},
  booktitle = {Proceedings of VLSID'10},
  year      = {2010},
  pages     = {146--151},
  publisher = {IEEE Computer Society},
  istype    = {DAG},
}

@inproceedings{ArslanKuchcinski:2013,
  author    = {Arslan, Mehmet Ali and Kuchcinski, Krzysztof},
  title     = {Instruction Selection and Scheduling for DSP Kernels on Custom
               Architectures},
  booktitle = {Proceedings of DSD'13},
  year      = {2013},
  publisher = {IEEE Computer Society},
  istype    = {DAG},
}

@article{ArslanKuchcinski:2014,
  author       = {Arslan, Mehmet Ali and Kuchcinski, Krzysztof},
  title        = {Instruction Selection and Scheduling for DSP Kernels},
  journaltitle = {Microprocessors and Microsystems},
  year         = {2014},
  volume       = {38},
  number       = {8, Part A},
  pages        = {803--813},
  publisher    = {Elsevier},
  istype       = {DAG},
}

@phdthesis{Arslan:2016,
  author      = {Arslan, Mehmet Ali},
  title       = {Code Generation for Custom Architectures using Constraint
                 Programming},
  year        = {2016},
  institution = {Lund University},
  location    = {Lund, Sweden},
  istype      = {DAG},
}

@inproceedings{AtasuEtAl:2003,
  author    = {Atasu, Kubilay and Pozzi, Laura and Ienne, Paolo},
  title     = {Automatic Application-Specific Instruction-Set Extensions Under
               Microarchitectural Constraints},
  booktitle = {Proceedings of DAC'03},
  year      = {2003},
  pages     = {256--261},
  publisher = {ACM},
  istype    = {DAG},
}

@inproceedings{AtasuEtAl:2005,
  author    = {Atasu, Kubilay and D\"undar, G\"unhan and \"ozturan, Can},
  title     = {An Integer Linear Programming Approach for Identifying
               Instruction-Set Extensions},
  booktitle = {Proceedings of CODES+ISSS'05},
  year      = {2005},
  pages     = {172--177},
  publisher = {ACM},
  istype    = {DAG},
}

@inproceedings{AuslanderHopkins:1982,
  author    = {Auslander, Marc and Hopkins, Martin},
  title     = {An Overview of the PL.8 Compiler},
  booktitle = {Proceedings of CC'82},
  year      = {1982},
  pages     = {22--31},
  publisher = {ACM},
  istype    = {MACRO},
}

@article{BaileyDavidson:2003,
  author       = {Bailey, Mark W. and Davidson, Jack W.},
  title        = {Automatic Detection and Diagnosis of Faults in Generated Code
                  for Procedure Calls},
  journaltitle = {Transactions on Software Engineering},
  volume       = {29},
  number       = {11},
  year         = {2003},
  pages        = {1031--1042},
  publisher    = {IEEE Computer Society},
  istype       = {NONE},
}

@article{BalachandranEtAl:1990,
  author       = {Balachandran, A. and Dhamdhere, D. M. and Biswas, S.},
  title        = {Efficient Retargetable Code Generation Using Bottom-Up Tree
                  Pattern Matching},
  journaltitle = {Computer Languages},
  volume       = {15},
  number       = {3},
  year         = {1990},
  pages        = {127--140},
  istype       = {TREE},
}

@inproceedings{BalakrishnanEtAl:1986,
  author    = {Balakrishnan, M. and Bhatt, P. C P and Madan, B. B.},
  title     = {An Efficient Retargetable Microcode Generator},
  booktitle = {Proceedings of MICRO'86},
  year      = {1986},
  pages     = {44--53},
  publisher = {ACM},
  istype    = {NONE},
}

@inproceedings{BallanceEtAl:1990,
  author    = {Ballance, Robert A. and MacCabe, Arthur B. and
               Ottenstein, Karl J.},
  title     = {The Program Dependence Web: A Representation Supporting
               Control-, Data-, and Demand-Driven Interpretation of Imperative
               Languages},
  booktitle = {Proceedings of PLDI'90},
  year      = {1990},
  pages     = {257--271},
  publisher = {ACM},
  istype    = {NONE},
}

@inproceedings{BansalAiken:2006,
  author    = {Bansal, Sorav and Aiken, Alex},
  title     = {Automatic Generation of Peephole Superoptimizers},
  booktitle = {Proceedings of ASPLOS'06},
  year      = {2006},
  pages     = {394--403},
  publisher = {ACM},
  istype    = {NONE},
}

@book{BaptisteEtAl:2001,
  author       = {Baptiste, Philippe and Le Pape, Claude and Nuijten, Wim},
  title        = {Constraint-Based Scheduling},
  year         = {2001},
  publisher    = {Kluwer Academic Publishers},
  istype       = {NONE},
}

@inproceedings{BarikEtAl:2010,
  author    = {Barik, Rajkishore and Zhao, Jisheng and Sarkar, Vivek},
  title     = {Efficient Selection of Vector Instructions Using Dynamic
               Programming},
  booktitle = {Proceedings of MICRO'10},
  year      = {2010},
  pages     = {201--212},
  publisher = {IEEE Computer Society},
  istype    = {NONE},
}

@inproceedings{BashfordLeupers:1999,
  author    = {Bashford, Steven and Leupers, Rainer},
  title     = {Constraint Driven Code Selection for Fixed-Point DSPs},
  booktitle = {Proceedings of DAC'99},
  year      = {1999},
  pages     = {817--822},
  publisher = {ACM},
  istype    = {DAG},
}

@inproceedings{BauerEtAl:2008,
  author     = {Bauer, L. and Shafique, M. and Henkel, J.},
  title      = {Run-Time Instruction Set Selection in a Transmutable Embedded
                Processor},
  booktitle  = {Proceedings of DAC'08},
  year       = {2008},
  pages      = {56--61},
  publisher  = {IEEE Computer Society},
  istype     = {NONE},
}

@inproceedings{BednarskiKessler:2004,
  author    = {Bednarski, Andrzej and Kessler, Christoph},
  title     = {Energy-Optimal Integrated VLIW Code Generation},
  booktitle = {Proceedings of CPC'04},
  year      = {2004},
  pages     = {227--238},
  istype    = {NONE},
}

@inproceedings{BednarskiKessler:2006,
  author    = {Bednarski, Andrzej and Kessler, Christoph W.},
  title     = {Optimal Integrated VLIW Code Generation with Integer Linear
               Programming},
  booktitle = {Proceedings of Euro-Par'06},
  pages     = {461--472},
  publisher = {Springer},
  year      = {2006},
  istype    = {DAG},
}

@phdthesis{Beg:2013,
  author      = {Beg, Mirza Omer},
  title       = {Combinatorial Problems in Compiler Optimization},
  year        = {2013},
  institution = {University of Waterloo},
  location    = {Ontario, Canada},
  istype      = {DAG},
}

@inproceedings{BeldiceanuCarlsson:2001,
  author    = {Beldiceanu, Nicolas and Carlsson, Mats},
  title     = {Sweep as a Generic Pruning Technique Applied to the
               Non-Overlapping Rectangles Constraint},
  booktitle = {Proceedings of CP'01},
  year      = {2001},
  pages     = {377--391},
  publisher = {Springer},
  istype    = {NONE},
}

@article{BeldiceanuContejean:1994,
  author       = {Beldiceanu, Nicolas and Contejean, Evelyne},
  title        = {Introducing Global Constraints in CHIP},
  journaltitle = {Mathematical and Computer Modelling},
  volume       = {20},
  number       = {12},
  pages        = {97--123},
  year         = {1994},
  publisher    = {Elsevier},
  istype       = {NONE},
}

@online{Bendersky:2013,
  author  = {Bendersky, Eli},
  title   = {A Deeper Look into the LLVM Code Generator: Part 1},
  url     = {eli.thegreenplace.net/2013/02/25/a-deeper-look-into-the-llvm-code-generator-part-1},
  date    = {2013-02-25},
  urldate = {2013-05-10},
  istype  = {DAG},
}

@inproceedings{BennettEtAl:2007,
  author    = {Bennett, Richard Vincent and Murray, Alastair Colin and
               Franke, Bj\"orn and Topham, Nigel},
  title     = {Combining Source-to-Source Transformations and Processor
               Instruction Set Extensions for the Automated Design-Space
               Exploration of Embedded Systems},
  booktitle = {Proceedings of LCTES'07},
  year      = {2007},
  pages     = {83--92},
  publisher = {ACM},
  istype    = {GRAPH},
}

@incollection{Bessiere:2006,
  author    = {Bessiere, Christian},
  title     = {Constraint Propagation},
  booktitle = {Handbook of Constraint Programming},
  chapter   = {3},
  pages     = {29--83},
  publisher = {Elsevier},
  year      = {2006},
  istype    = {NONE},
}

@book{BiereEtAl:2009,
  author    = {Biere, A. and Heule, M. and van Maaren, H. and Walsh, T.},
  title     = {Handbook of Satisfiability},
  series    = {Frontiers in Artificial Intelligence and Applications},
  volume    = {185},
  year      = {2009},
  publisher = {IOS Press},
  istype    = {NONE},
}

@inproceedings{Borchardt:2004,
  author    = {Borchardt, Bj\"orn},
  title     = {Code Selection by Tree Series Transducers},
  booktitle = {Proceedings of CIAA'04},
  year      = {2004},
  pages     = {57--67},
  publisher = {Springer},
  istype    = {TREE},
}

@inproceedings{BoulytchevLomov:2001,
  author    = {Boulytchev, Dmitry and Lomov, Dmitry},
  title     = {An Empirical Study of Retargetable Compilers},
  booktitle = {Proceedings of PSI'01},
  year      = {2001},
  pages     = {328--335},
  publisher = {Springer},
  istype    = {NONE},
}

@inproceedings{Boulytchev:2007,
  author    = {Boulytchev, Dmitri},
  title     = {BURS-Based Instruction Set Selection},
  booktitle = {Proceedings of PSI'06},
  year      = {2007},
  pages     = {431--437},
  publisher = {Springer},
  istype    = {TREE},
}

@inproceedings{BrandnerEtAl:2007,
  author    = {Brandner, Florian and Ebner, Dietmar and Krall, Andreas},
  title     = {Compiler Generation from Structural Architecture Descriptions},
  booktitle = {Proceedings of CASES'07},
  year      = {2007},
  pages     = {13--22},
  publisher = {ACM},
  istype    = {TREE},
}

@inproceedings{BrandnerEtAl:2010,
  author    = {Brandner, Florian},
  title     = {Completeness of Automatically Generated Instruction Selectors},
  booktitle = {Proceedings of ASAP'10},
  year      = {2010},
  pages     = {175--182},
  publisher = {IEEE Computer Society},
  istype    = {TREE},
}

@inproceedings{BraunEtAl:2011,
  author    = {Braun, Matthias and Buchwald, Sebastian and Zwinkau, Andreas},
  title     = {\textsc{Firm}---A Graph-Based Intermediate Representation},
  booktitle = {Proceedings of WIR'11},
  year      = {2011},
  pages     = {61--68},
  istype    = {NONE},
}

@incollection{BravenboerVisser:2002,
  author    = {Bravenboer, Martin and Visser, Eelco},
  title     = {Rewriting Strategies for Instruction Selection},
  booktitle = {Proceedings of RTA'02},
  year      = {2002},
  pages     = {237--251},
  publisher = {Springer},
  istype    = {TREE},
}

@inproceedings{BriskEtAl:2002,
  author    = {Brisk, Philip and Kaplan, Adam and Kastner, Ryan and
               Sarrafzadeh, Majid},
  title     = {Instruction Generation and Regularity Extraction for
               Reconfigurable Processors},
  booktitle = {Proceedings of CASES'02},
  year      = {2002},
  pages     = {262--269},
  publisher = {ACM},
  istype    = {NONE},
}

@incollection{BriskEtAl:2004,
  author    = {Brisk, Philip and Nahapetian, Ani and Sarrafzadeh, Majid},
  title     = {Instruction Selection for Compilers That Target Architectures
               with Echo Instructions},
  booktitle = {Proceedings of M-SCOPES'04},
  year      = {2004},
  publisher = {Springer},
  pages     = {229--243},
  istype    = {DAG},
}

@article{Brown:1969,
  author       = {Brown, P.J},
  title        = {A Survey of Macro Processors},
  journaltitle = {Annual Review in Automatic Programming},
  volume       = {6},
  number       = {2},
  pages        = {37--88},
  year         = {1969},
  publisher    = {Pergamon Press},
  istype       = {NONE},
}

@article{BrunoSethi:1976,
  author       = {Bruno, John and Sethi, Ravi},
  title        = {Code Generation for a One-Register Machine},
  journaltitle = {Journal of the ACM},
  volume       = {23},
  number       = {3},
  year         = {1976},
  pages        = {502--510},
  istype       = {NONE},
}

@inproceedings{BuchwaldZwinkau:2010,
  author    = {Buchwald, Sebastian and Zwinkau, Andreas},
  title     = {Instruction Selection by Graph Transformation},
  booktitle = {Proceedings of CASES'10},
  year      = {2010},
  pages     = {31--40},
  publisher = {ACM},
  istype    = {GRAPH},
}

@article{CaiEtAl:1992,
  author       = {Cai, J. and Paige, R. and Tarjan, R.},
  title        = {More Efficient Bottom-Up Multi-pattern Matching in Trees},
  journaltitle = {Theoretical Computer Science},
  volume       = {106},
  number       = {1},
  year         = {1992},
  pages        = {21--60},
  istype       = {NONE},
}

@incollection{CaoEtAl:2011,
  author    = {Cao, Zhen and Dong, Yuan and Wang, Shengyuan},
  title     = {Compiler Backend Generation for Application Specific Instruction
               Set Processors},
  year      = {2011},
  booktitle = {Proceedings of APLAS'11},
  publisher = {Springer},
  pages     = {121--136},
  istype    = {TREE},
}

@techreport{CanaldaEtAl:1995,
  author      = {Canalda, Philippe and Cognard, Lucile and Despland, Annie and
                 Jourdan, Martin and Mazaud, Monique and Parigot, Didier and
                 Thomasset, Fran\c{c}ois and de Voluceau, Domaine},
  title       = {PAGODE: A Realistic Back-End Generator},
  year        = {1995},
  institution = {INRIA},
  location    = {Rocquencourt, France},
  istype      = {TREE},
}

@inproceedings{CastanedaLozanoEtAl:2013:M-SCOPES,
  author    = {Casta\~{n}eda Lozano, Robert and Hjort Blindell, Gabriel and
               Carlsson, Mats and Drejhammar, Frej and Schulte, Christian},
  title     = {Constraint-based Code Generation},
  booktitle = {Proceedings of M-SCOPES'13},
  year      = {2013},
  publisher = {Springer},
  pages     = {93--95},
  istype    = {NONE},
}

@inproceedings{CastanedaLozanoEtAl:2014:LCTES,
  author    = {Casta\~{n}eda Lozano, Robert and Carlsson, Mats and
               Hjort Blindell, Gabriel and Schulte, Christian},
  booktitle = {Proceedings of LCTES'14},
  title     = {Combinatorial Spill Code Optimization and Ultimate Coalescing},
  pages     = {23--32},
  publisher = {ACM},
  year      = {2014},
  istype    = {NONE},
}

@inproceedings{CastanedaLozanoEtAl:2016:CC,
  author    = {Casta\~{n}eda Lozano, Robert and Carlsson, Mats and
               Hjort Blindell, Gabriel and Schulte, Christian},
  title     = {Register Allocation and Instruction Scheduling in Unison},
  booktitle = {Proceedings of CC'16},
  pages     = {263--264},
  publisher = {ACM},
  year      = {2016},
  istype    = {NONE},
}

@techreport{Cattell:1977,
  author      = {Cattell, Roderic G. G.},
  title       = {A Survey and Critique of Some Models of Code Generation},
  year        = {1979},
  institution = {School of Computer Science, Carnegie Mellon University},
  location    = {Pittsburgh, Pennsylvania, USA},
  istype      = {NONE},
}

@phdthesis{Cattell:1978,
  author      = {Cattell, Roderic Geoffrey Galton},
  title       = {Formalization and Automatic Derivation of Code Generators},
  year        = {1978},
  institution = {Carnegie Mellon University},
  location    = {Pittsburgh, Pennsylvania, USA},
  istype      = {NONE},
}

@inproceedings{CattellEtAl:1979,
  author    = {Cattell, Roderic G.G. and Newcomer, Joseph M. and
               Leverett, Bruce W.},
  title     = {Code Generation in a Machine-Independent Compiler},
  booktitle = {Proceedings of CC'79},
  year      = {1979},
  pages     = {65--75},
  publisher = {ACM},
  istype    = {TREE},
}

@article{Cattell:1980,
  author       = {Cattell, R. G.},
  title        = {Automatic Derivation of Code Generators from Machine
                  Descriptions},
  journaltitle = {Transactions on Programming Languages and Systems},
  volume       = {2},
  number       = {2},
  year         = {1980},
  pages        = {173--190},
  publisher    = {ACM},
  istype       = {TREE},
}

@book{Ceruzzi:2003,
  author    = {Ceruzzi, Paul E.},
  title     = {A History of Modern Computing},
  edition   = {2},
  publisher = {MIT Press},
  year      = {2003},
  istype    = {NONE},
}

@inproceedings{Chase:1987,
  author    = {Chase, D. R.},
  title     = {An Improvement to Bottom-Up Tree Pattern Matching},
  booktitle = {Proceedings of POPL'87},
  year      = {1987},
  pages     = {168--177},
  publisher = {ACM},
  istype    = {TREE},
}

@inproceedings{ChenEtAl:1995,
  author    = {Chen, {Tzer-Shyong} and Lai, Feipei and Shang, {Rung-Ji}},
  title     = {A Simple Tree Pattern Matching Algorithm for Code Generator},
  booktitle = {Proceedings of COMPSAC'95},
  year      = {1995},
  pages     = {162--167},
  publisher = {IEEE Computer Society},
  istype    = {NONE},
}

@incollection{ChoEtAl:2006,
  author    = {Cho, Doosan and Ravi, Ayyagari and Uh, Gang-Ryung and
               Paek, Yunheung},
  title     = {Instruction Re-selection for Iterative Modulo Scheduling on High
               Performance Multi-issue DSPs},
  year      = {2006},
  booktitle = {Emerging Directions in Embedded and Ubiquitous Computing},
  pages     = {741--754},
  publisher = {Springer},
  istype    = {MACRO},
}

@inproceedings{ChristopherEtAl:1984,
  author    = {Christopher, Thomas W. and Hatcher, Philip J. and
               Kukuk, Ronald C.},
  title     = {Using Dynamic Programming to Generate Optimized Code in a
               Graham-Glanville Style Code Generator},
  booktitle = {Proceedings of CC'84},
  year      = {1984},
  pages     = {25--36},
  publisher = {ACM},
  istype    = {TREE},
}

@phdthesis{Chu:2011,
  author    = {Chu, Geoffrey G.},
  title     = {{Improving Combinatorial Optimization}},
  school    = {The University of Melbourne, Australia},
  year      = {2011},
  istype    = {NONE},
}

@online{ChuStuckey:2013,
  author       = {Chu, Geoffrey and Stuckey, Peter J.},
  title        = {Structure Based Extended Resolution for Constraint
                  Programming},
  date         = {2013-06-19},
  publisher    = {arXiv},
  url          = {arxiv.org/abs/1306.4418},
  istype       = {NONE},
}

@article{ChuStuckey:2015,
  author       = {Chu, Geoffrey and Stuckey, Peter J.},
  title        = {Dominance breaking constraints},
  journaltitle = {Constraints},
  year         = {2015},
  volume       = {20},
  number       = {2},
  pages        = {155--182},
  publisher    = {Springer},
  istype       = {NONE},
}

@inproceedings{ClarkEtAl:2003,
  author    = {Clark, Nathan and Zhong, Hongtao and Mahlke, Scott},
  title     = {Processor Acceleration Through Automated Instruction Set
               Customization},
  booktitle = {Proceedings of MICRO'03},
  year      = {2003},
  pages     = {129--140},
  publisher = {IEEE Computer Society},
  istype    = {NONE},
}

@inproceedings{ClarkEtAl:2006,
  author    = {Clark, Nathan and Hormati, Amir and Mahlke, Scott and
               Yehia, Sami},
  title     = {Scalable Subgraph Mapping for Acyclic Computation Accelerators},
  booktitle = {Proceedings of CASES'06},
  year      = {2006},
  pages     = {147--157},
  publisher = {ACM},
  istype    = {DAG},
}

@phdthesis{Click:1995,
  author      = {Click, Clifford},
  title       = {Combining Analyses, Combining Optimizations},
  chapter     = {7},
  year        = {1995},
  institution = {Rice University},
  location    = {Houston, Texas, USA},
  istype      = {NONE},
}

@article{ClickCooper:1995,
  author       = {Click, Cliff and Cooper, Keith D.},
  title        = {Combining Analyses, Combining Optimizations},
  journaltitle = {Transactions on Programming Languages and Systems},
  volume       = {17},
  number       = {2},
  month        = {3},
  year         = {1995},
  pages        = {181--196},
  publisher    = {ACM},
  istype       = {NONE},
}

@inproceedings{ClickPaleczny:1995,
  author    = {Click, Cliff and Paleczny, Michael},
  title     = {A Simple Graph-based Intermediate Representation},
  booktitle = {Proceedings of IR'95},
  year      = {1995},
  pages     = {35--49},
  publisher = {ACM},
  istype    = {NONE},
}

@article{CodrescuEtAl:2014,
  author       = {Codrescu, Lucian and Anderson, Willie and
                  Venkumanhanti, Suresh and Zeng, Mao and Plondke, Erich and
                  Koob, Chris and Ingle, Ajay and Tabony, Charles and
                  Maule, Rick},
  title        = {Hexagon DSP: An Architecture Optimized for Mobile Multimedia
                  and Communications},
  journaltitle = {IEEE Micro},
  year         = {2014},
  volume       = {34},
  number       = {2},
  pages        = {34-43},
  istype       = {NONE},
}

@inproceedings{ColeHariharan:1997,
  author    = {Cole, Richard and Hariharan, Ramesh},
  title     = {Tree Pattern Matching and Subset Matching in Randomized
               $O(n \log^3 m)$ Time},
  booktitle = {Proceedings of STOC'97},
  year      = {1997},
  pages     = {66--75},
  publisher = {ACM},
  istype    = {NONE},
}

@inproceedings{CongEtAl:2004,
  author    = {Cong, Jason and Fan, Yiping and Han, Guoling and Zhang, Zhiru},
  title     = {Application-Specific Instruction Generation for Configurable
               Processor Architectures},
  booktitle = {Proceedings of FPGA'04},
  year      = {2004},
  pages     = {183--189},
  publisher = {ACM},
  istype    = {DAG},
}

@article{Conway:1958,
  author       = {Conway, Melvin E.},
  title        = {Proposal for an {UNCOL}},
  journaltitle = {Communications of the ACM},
  year         = {1958},
  volume       = {1},
  number       = {10},
  pages        = {5--8},
  istype       = {NONE},
}

@inproceedings{Cook:1971,
  author    = {Cook, Stephen A.},
  title     = {The Complexity of Theorem-Proving Procedures},
  booktitle = {Proceedings of STOC'71},
  year      = {1971},
  pages     = {151--158},
  publisher = {ACM},
  istype    = {NONE},
}

@inproceedings{CordellaEtAl:2001,
  author    = {Cordella, L. P. and Foggia, P. and Sansone, C. and Vento, M.},
  title     = {An Improved Algorithm for Matching Large Graphs},
  booktitle = {Proceedings of GbRPR'01},
  year      = {2001},
  pages     = {149--159},
  publisher = {Springer},
  istype    = {NONE},
}

@inproceedings{CordoneEtAl:2000,
  author    = {Cordone, R. and Ferrandi, F. and Sciuto, D. and
               Wolfler Calvo, R.},
  title     = {An Efficient Heuristic Approach to Solve the Unate Covering
               Problem},
  booktitle = {Proceedings of DATE'00},
  year      = {2000},
  pages     = {364--371},
  publisher = {IEEE Computer Society},
  istype    = {NONE},
}

@book{CormenEtAl:2009,
  author    = {Cormen, Thomas H. and Leiserson, Charles E. and
               Rivest, Ronald L. and Stein, Clifford},
  title     = {Introduction to Algorithms},
  edition   = {3},
  publisher = {MIT Press},
  year      = {2009},
  istype    = {NONE},
}

@inproceedings{CrickEtAl:2009,
  author    = {Crick, Tom and Brain, Martin and Vos, Marina and Fitch, John},
  title     = {Generating Optimal Code Using Answer Set Programming},
  booktitle = {Proceedings of LPNMR'09},
  year      = {2009},
  pages     = {554--559},
  publisher = {Springer},
  istype    = {NONE},
}

@article{CytronEtAl:1991,
  author       = {Cytron, Ron and Ferrante, Jeanne and Rosen, Barry K. and
                  Wegman, Mark N. and Zadeck, F. Kenneth},
  title        = {Efficiently Computing Static Single Assignment Form and the
                  Control Dependence Graph},
  journaltitle = {ACM Transactions on Programming Languages and Systems},
  volume       = {13},
  number       = {4},
  year         = {1991},
  pages        = {451--490},
  istype       = {NONE},
}

@incollection{DarwichePipatsrisawat:2014,
  author    = {Darwiche, Adnan and Pipatsrisawat, Knot},
  title     = {Complete Algorithms},
  booktitle = {Handbook of Satisfiability},
  year      = {2009},
  chapter   = {3},
  pages     = {99--130},
  publisher = {IOS Press},
  istype    = {NONE},
}

@article{DavidsonFraser:1980,
  author       = {Davidson, Jack W. and Fraser, Christopher W.},
  title        = {The Design and Application of a Retargetable Peephole
                  Optimizer},
  journaltitle = {Transactions on Programming Languages and Systems},
  volume       = {2},
  number       = {2},
  year         = {1980},
  pages        = {191--202},
  publisher    = {ACM},
  istype       = {NONE},
}

@inproceedings{DavidsonFraser:1982,
  author    = {Davidson, Jack W. and Fraser, Christopher W.},
  title     = {Eliminating Redundant Object Code},
  booktitle = {Proceedings of POPL'82},
  year      = {1982},
  pages     = {128--132},
  publisher = {ACM},
  istype    = {NONE},
}

@article{DavidsonFraser:1984,
  author       = {Davidson, Jack W. and Fraser, Christopher W.},
  title        = {Code Selection Through Object Code Optimization},
  journaltitle = {ACM Transactions on Programming Languages and Systems},
  volume       = {6},
  number       = {4},
  year         = {1984},
  pages        = {505--526},
  istype       = {MACRO},
}

@inproceedings{DemeulenaereEtAl:2016,
  author    = {Demeulenaere, Jordan and Hartert, Renaud and Lecoutre, Christophe
               and Perez, Guillaume and Perron, Laurent and
               R{\'e}gin, Jean-Charles and Schaus, Pierre},
  title     = {Compact-Table: Efficiently Filtering Table Constraints with
               Reversible Sparse Bit-Sets},
  booktitle = {Proceedings of CP'16},
  year      = {2016},
  publisher = {Springer},
  pages     = {207--223},
  istype    = {NONE},
}

@inproceedings{DesplandEtAl:1987,
  author    = {Despland, Annie and Mazaud, Monique and Rakotozafy, Raymond},
  title     = {Code Generator Generation Based on Template-Driven Target Term
               Rewriting},
  booktitle = {Proceedings of RTA'87},
  year      = {1987},
  pages     = {105--120},
  publisher = {Springer},
  istype    = {TREE},
}

@article{DesplandEtAl:1990,
  author       = {Despland, Annie and Mazaud, Monique and Rakotozafy, Raymond},
  title        = {Using Rewriting Techniques to Produce Code Generators and
                  Proving Them Correct},
  journaltitle = {Science of Computer Programming},
  volume       = {15},
  number       = {1},
  pages        = {15--54},
  year         = {1990},
  istype       = {TREE},
}

@inproceedings{DeutschSchiffman:1984,
  author    = {Deutsch, L. Peter and Schiffman, Allan M.},
  title     = {Efficient Implementation of the Smalltalk-80 System},
  booktitle = {Proceedings of POPL'84},
  year      = {1984},
  pages     = {297--302},
  publisher = {ACM},
  istype    = {MACRO},
}

@inproceedings{DiasRamsey:2006,
  author    = {Dias, {Jo\~ao} and Ramsey, Norman},
  title     = {Converting Intermediate Code to Assembly Code Using Declarative
               Machine Descriptions},
  booktitle = {Proceedings of CC'06},
  year      = {2006},
  pages     = {217--231},
  publisher = {Springer},
  istype    = {MACRO},
}

@inproceedings{DiasRamsey:2010,
  author    = {Dias, {Jo\~ao} and Ramsey, Norman},
  title     = {Automatically Generating Instruction Selectors Using Declarative
               Machine Descriptions},
  booktitle = {Proceedings of POPL'10},
  year      = {2010},
  pages     = {403--416},
  publisher = {ACM},
  istype    = {MACRO},
}

@inproceedings{DoldEtAl:1998,
  author    = {Dold, Axel and Gaul, Thilo and Vialard, Vincent and
               Zimmermann, Wolf},
  title     = {ASM-Based Mechanized Verification of Compiler Back-Ends},
  booktitle = {Proceedings of ASM'98},
  year      = {1998},
  pages     = {50--67},
  publisher = {Springer},
  istype    = {TREE},
}

@phdthesis{Donegan:1973,
  author      = {Donegan, Michael Kelly},
  title       = {An Approach to the Automatic Generation of Code Generators},
  year        = {1973},
  institution = {Rice University},
  location    = {Houston, Texas, USA},
  istype      = {MACRO},
}

@inproceedings{Donegan:1979,
  author    = {Donegan, Michael K. and Noonan, Robert E. and Feyock, Stefan},
  title     = {A Code Generator Generator Language},
  booktitle = {Proceedings of CC'79},
  year      = {1979},
  pages     = {58--64},
  publisher = {ACM},
  istype    = {MACRO},
}

@incollection{DorigoStutzle:2010,
  author    = {Dorigo, Marco and St\"utzle, Thomas},
  title     = {Ant Colony Optimization: Overview and Recent Advances},
  booktitle = {Handbook of Metaheuristics},
  volume    = {146},
  edition   = {2},
  chapter   = {8},
  pages     = {227--263},
  year      = {2010},
  publisher = {Springer},
  istype    = {NONE},
}

@article{DubinerEtAl:1994,
  author       = {Dubiner, Moshe and Galil, Zvi and Magen, Edith},
  title        = {Faster Tree Pattern Matching},
  journaltitle = {Journal of the ACM},
  volume       = {41},
  number       = {2},
  year         = {1994},
  pages        = {205--213},
  istype       = {NONE},
}

@article{Earley:1970,
  author       = {Earley, J.},
  title        = {An Efficient Context-Free Parsing Algorithm},
  journaltitle = {Communications of the ACM},
  year         = {1970},
  volume       = {13},
  number       = {2},
  pages        = {94--102},
  istype       = {NONE},
}

@inproceedings{EbelingZaijicek:1983,
  author    = {Ebeling, C. and Zaijicek, O.},
  title     = {Validating VLSI Circuit Layout by Wirelist Comparison},
  booktitle = {Proceedings of ICCAD'83},
  year      = {1983},
  pages     = {172--173},
  publisher = {IEEE Computer Society},
  istype    = {NONE},
}

@inproceedings{EbnerEtAl:2008,
  author    = {Ebner, Dietmar and Brandner, Florian and Scholz, Bernhard and
               Krall, Andreas and Wiedermann, Peter and Kadlec, Albrecht},
  title     = {Generalized Instruction Selection Using SSA-Graphs},
  booktitle = {Proceedings of LCTES'08},
  year      = {2008},
  pages     = {31--40},
  publisher = {ACM},
  istype    = {GRAPH},
}

@inproceedings{EcksteinEtAl:2003,
  author    = {Eckstein, Erik and K\"onig, Oliver and Scholz, Bernhard},
  title     = {Code Instruction Selection Based on SSA-Graphs},
  booktitle = {Proceedings of M-SCOPES'03},
  year      = {2003},
  publisher = {Springer},
  pages     = {49--65},
  istype    = {GRAPH},
}

@inproceedings{EdlerVonKochEtAl:2010,
  author    = {Edler von Koch, Tobias J.K. and B\"ohm, Igor and
               Franke, Bj\"orn},
  title     = {Integrated Instruction Selection and Register Allocation for
               Compact Code Generation Exploiting Freeform Mixing of 16- and
               32-bit Instructions},
  booktitle = {Proceedings of CGO'10},
  year      = {2010},
  pages     = {180--189},
  publisher = {ACM},
  istype    = {TREE},
}

@book{EfronTibshirani:1994,
  author       = {Efron, Bradley and Tibshirani, Robert},
  title        = {An Introduction to the Boostrap},
  year         = {1994},
  publisher    = {Chapman and Hall},
  istype       = {NONE},
}

@incollection{El-KhalilKeromytis:2004,
  author    = {El-Khalil, Rakan and Keromytis, Angelos D.},
  title     = {Hydan: Hiding Information in Program Binaries},
  year      = {2004},
  booktitle = {Proceedings of ICICS'04},
  publisher = {Springer},
  pages     = {187--199},
  istype    = {NONE},
}

@article{ElsonRake:1970,
  author       = {Elson, M. and Rake, S. T.},
  title        = {Code-Generation Technique for Large-Language Compilers},
  journaltitle = {IBM Systems Journal},
  volume       = {9},
  number       = {3},
  year         = {1970},
  pages        = {166--188},
  istype       = {MACRO},
}

@inproceedings{EmmelmannEtAl:1989,
  author    = {Emmelmann, H. and Schr\"oer, F.-W. and Landwehr, Rudolf},
  title     = {BEG: A Generator for Efficient Back Ends},
  booktitle = {Proceedings of PLDI'89},
  year      = {1989},
  pages     = {227--237},
  publisher = {ACM},
  istype    = {TREE},
}

@incollection{Emmelmann:1992:Rewriting,
  author    = {Emmelmann, Helmut},
  title     = {Code Selection by Regularly Controlled Term Rewriting},
  booktitle = {Code Generation---Concepts, Tools, Techniques},
  year      = {1992},
  pages     = {3--29},
  publisher = {Springer},
  istype    = {TREE},
}

@inproceedings{Emmelmann:1992:Testing,
  author    = {Emmelmann, Helmut},
  title     = {Testing Completeness of Code Selector Specifications},
  booktitle = {Proceedings of CC'92},
  year      = {1992},
  pages     = {163--175},
  publisher = {Springer},
  istype    = {TREE},
}

@article{EngelfrietEtAl:2001,
  author       = {Engelfriet, Joost and F\"ul\"op, Zolt\'an and Vogler, Heiko},
  title        = {Bottom-Up and Top-Down Tree Series Transformations},
  journaltitle = {Journal of Automata, Languages and Combinatorics},
  volume       = {7},
  number       = {1},
  month        = {7},
  year         = {2001},
  pages        = {11--70},
  publisher    = {Otto-von-Guericke-Universitat},
  istype       = {NONE},
}

@inproceedings{EnglerProebsting:1994,
  author    = {Engler, Dawson R. and Proebsting, Todd A.},
  title     = {DCG: An Efficient, Retargetable Dynamic Code Generation System},
  booktitle = {Proceedings of ASPLOS'94},
  year      = {1994},
  pages     = {263--272},
  publisher = {ACM},
  istype    = {TREE},
}

@inproceedings{Engler:1996,
  author    = {Engler, Dawson R.},
  title     = {VCODE: A Retargetable, Extensible, Very Fast Dynamic Code
               Generation System},
  booktitle = {Proceedings of PLDI'96},
  year      = {1996},
  pages     = {160--170},
  publisher = {ACM},
  istype    = {MACRO},
}

@inproceedings{ErikssonEtAl:2008,
  author    = {Eriksson, Mattias V. and Skoog, Oskar and Kessler, Christoph W.},
  title     = {Optimal vs. Heuristic Integrated Code Generation for Clustered
               VLIW Architectures},
  booktitle = {Proceedings of M-SCOPES'08},
  year      = {2008},
  pages     = {11--20},
  publisher = {ACM},
  istype    = {DAG},
}

@article{ErikssonKessler:2012,
  author       = {Eriksson, Mattias and Kessler, Christoph},
  title        = {Integrated Code Generation for Loops},
  journaltitle = {ACM Transactions on Embedded Computing Systems},
  volume       = {11S},
  number       = {1},
  month        = {6},
  year         = {2012},
  pages        = {19:1--19:24},
  istype       = {DAG},
}

@inproceedings{Ertl:1999,
  author    = {Ertl, M. Anton},
  title     = {Optimal Code Selection in DAGs},
  booktitle = {Proceedings of POPL'99},
  year      = {1999},
  pages     = {242--249},
  publisher = {ACM},
  istype    = {DAG},
}

@inproceedings{ErtlEtAl:2006,
  author    = {Ertl, M. Anton and Casey, Kevin and Gregg, David},
  title     = {Fast and Flexible Instruction Selection with On-Demand
               Tree-Parsing Automata},
  booktitle = {Proceedings of PLDI'06},
  year      = {2006},
  pages     = {52--60},
  publisher = {ACM},
  istype    = {TREE},
}

@article{FanEtAl:2010,
  author       = {Fan, Wenfei and Li, Jianzhong and Ma, Shuai and Tang, Nan and
                  Wu, Yinghui and Wu, Yunpeng},
  title        = {Graph Pattern Matching: From Intractable to Polynomial Time},
  journaltitle = {Proceedings of the VLDB Endowment},
  volume       = {3},
  number       = {1-2},
  year         = {2010},
  pages        = {264--275},
  publisher    = {VLDB Endowment},
  istype       = {NONE},
}

@inproceedings{FanEtAl:2011,
  author    = {Fan, Wenfei and Li, Jianzhong and Luo, Jizhou and Tan, Zijing and
               Wang, Xin and Wu, Yinghui},
  title     = {Incremental Graph Pattern Matching},
  booktitle = {Proceedings of SIGMOD'11},
  year      = {2011},
  pages     = {925--936},
  publisher = {ACM},
  istype    = {NONE},
}

@inproceedings{FarfelederEtAl:2006,
  author    = {Farfeleder, Stefan and Krall, Andreas and Steiner, Edwin and
               Brandner, Florian},
  title     = {Effective Compiler Generation by Architecture Description},
  booktitle = {Proceedings of LCTES'06},
  year      = {2006},
  pages     = {145--152},
  publisher = {ACM},
  istype    = {DAG},
}

@inproceedings{Farrow:1982,
  author    = {Farrow, Rodney},
  title     = {Experience with an Attribute Grammar-based Compiler},
  booktitle = {Proceedings of POPL'82},
  year      = {1982},
  pages     = {95--107},
  publisher = {ACM},
  istype    = {TREE},
}

@inproceedings{FauthEtAl:1993,
  author    = {Fauth, A. and Freericks, M. and Knoll, A.},
  title     = {Generation of Hardware Machine Models from Instruction Set
               Descriptions},
  booktitle = {Proceedings of the Workshop on VLSI Signal Processing},
  year      = {1993},
  pages     = {242--250},
  publisher = {IEEE Computer Society},
  istype    = {NONE},
}

@inproceedings{FauthEtAl:1994,
  author    = {Fauth, Andreas and Hommel, G\"unter and Knoll, Alois and
               M\"uller, Carsten},
  title     = {Global Code Selection of Directed Acyclic Graphs},
  booktitle = {Proceedings of CC'94},
  year      = {1994},
  pages     = {128--142},
  publisher = {Springer},
  istype    = {DAG},
}

@inproceedings{FauthEtAl:1995,
  author    = {Fauth, A. and Van Praet, J. and Freericks, M.},
  title     = {Describing Instruction Set Processors Using nML},
  booktitle = {Proceedings of EDTC'95},
  year      = {1995},
  pages     = {503--507},
  publisher = {IEEE Computer Society},
  istype    = {NONE},
}

@article{FeldmanGries:1968,
  author       = {Feldman, Jerome and Gries, David},
  title        = {Translator Writing Systems},
  journaltitle = {Communications of the ACM},
  volume       = {11},
  number       = {2},
  year         = {1968},
  pages        = {77--113},
  istype       = {NONE},
}

@article{FerdinandEtAl:1994,
  author       = {Ferdinand, Christian and Seidl, Helmut and Wilhelm, Reinhard},
  title        = {Tree Automata for Code Selection},
  journaltitle = {Acta Informatica},
  volume       = {31},
  number       = {9},
  year         = {1994},
  pages        = {741--760},
  istype       = {TREE},
}

@inproceedings{FernandezRamsey:1997,
  author    = {Fern\'andez, Mary and Ramsey, Norman},
  title     = {Automatic Checking of Instruction Specifications},
  booktitle = {Proceedings of ICSE'97},
  year      = {1997},
  pages     = {326--336},
  publisher = {ACM},
  istype    = {NONE},
}

@article{FerranteEtAl:1987,
  author       = {Ferrante, Jeanne and Ottenstein, Karl J. and Warren, Joe D.},
  title        = {The Program Dependence Graph and Its Use in Optimization},
  journaltitle = {Transactions on Programming Languages and Systems},
  volume       = {9},
  number       = {3},
  month        = {7},
  year         = {1987},
  pages        = {319--349},
  publisher    = {ACM},
  istype       = {NONE},
}

@inbook{FeydyStuckey:2009,
  author    = {Feydy, Thibaut and Stuckey, Peter J.},
  title     = {Lazy Clause Generation Reengineered},
  booktitle = {Proceedings of CP'09},
  year      = {2009},
  publisher = {Springer},
  pages     = {352--366},
  istype = {NONE},
}

@article{FlemingWallace:1986,
  author       = {Fleming, Philip J. and Wallace, John J.},
  title        = {How Not to Lie with Statistics: The Correct Way to Summarize
                  Benchmark Results},
  journaltitle = {Communications of the ACM},
  volume       = {29},
  number       = {3},
  year         = {1986},
  pages        = {218--221},
  istype       = {NONE},
}

@inproceedings{FlochEtAl:2010,
  author    = {Floch, A. and Wolinski, C. and Kuchcinski, K.},
  title     = {Combined Scheduling and Instruction Selection for Processors with
               Reconfigurable Cell Fabric},
  booktitle = {Proceedings of ASAP'10},
  year      = {2010},
  pages     = {167--174},
  publisher = {IEEE Computer Society},
  istype    = {DAG},
}

@article{Floyd:1961,
  author       = {Floyd, Robert W.},
  title        = {An Algorithm for Coding Efficient Arithmetic Operations},
  journaltitle = {Communications of the ACM},
  volume       = {4},
  number       = {1},
  year         = {1961},
  pages        = {42--51},
  istype       = {NONE},
}

@article{Floyd:1962,
  author       = {Floyd, Robert W.},
  title        = {Algorithm 97: Shortest Path},
  journaltitle = {Communications of the ACM},
  volume       = {5},
  number       = {6},
  year         = {1962},
  pages        = {345},
  istype       = {NONE},
}

@inproceedings{Fraser:1977:Paper,
  author    = {Fraser, Christopher Warwick},
  title     = {A Knowledge-Based Code Generator Generator},
  booktitle = {Proceedings of the Symposium on Artificial Intelligence and
               Programming Languages},
  year      = {1977},
  pages     = {126--129},
  publisher = {ACM},
  istype    = {MACRO},
}

@phdthesis{Fraser:1977:Thesis,
  author      = {Fraser, Christopher Warwick},
  title       = {Automatic Generation of Code Generators},
  year        = {1977},
  institution = {Yale University},
  location    = {New Haven, Connecticut, USA},
  istype      = {MACRO},
}

@inproceedings{Fraser:1979,
  author    = {Fraser, Christopher W.},
  title     = {A Compact, Machine-Independent Peephole Optimizer},
  booktitle = {Proceedings of POPL'79},
  year      = {1979},
  pages     = {1--6},
  publisher = {ACM},
  istype    = {NONE},
}

@inproceedings{FraserWendt:1988,
  author    = {Fraser, C. W. and Wendt, A. L.},
  title     = {Automatic Generation of Fast Optimizing Code Generators},
  booktitle = {Proceedings of PLDI'88},
  year      = {1988},
  pages     = {79--84},
  publisher = {ACM},
  istype    = {MACRO},
}

@inproceedings{Fraser:1989,
  author    = {Fraser, C. W.},
  title     = {A Language for Writing Code Generators},
  booktitle = {Proceedings of PLDI'89},
  year      = {1989},
  pages     = {238--245},
  publisher = {ACM},
  istype    = {MACRO},
}

@article{FraserEtAl:1992:IBurg,
  author       = {Fraser, Christopher W. and Hanson, David R. and
                  Proebsting, Todd A.},
  title        = {Engineering a Simple, Efficient Code-Generator Generator},
  journaltitle = {Letters on Programming Languages and Systems},
  volume       = {1},
  number       = {3},
  year         = {1992},
  pages        = {213--226},
  publisher    = {ACM},
  istype       = {TREE},
}

@article{FraserEtAl:1992:Burg,
  author       = {Fraser, Christopher W. and Henry, Robert R. and
                  Proebsting, Todd A.},
  title        = {BURG---Fast Optimal Instruction Selection and Tree Parsing},
  journaltitle = {SIGPLAN Notices},
  volume       = {27},
  number       = {4},
  year         = {1992},
  pages        = {68--76},
  istype       = {TREE},
}

@inproceedings{FraserProebsting:1999,
  author    = {Fraser, Christopher W. and Proebsting, Todd A.},
  title     = {Finite-State Code Generation},
  booktitle = {Proceedings of PLDI'99},
  year      = {1999},
  pages     = {270--280},
  publisher = {ACM},
  istype    = {MACRO},
}

@inproceedings{FrohlichEtAl:1999,
  author    = {Fr\"ohlich, Stefan and Gotschlich, Martin and  Krebelder, Udo
               and Wess, Bernhard},
  title     = {Dynamic Trellis Diagrams for Optimized DSP Code Generation},
  booktitle = {Proceedings of ISCAS'99},
  year      = {1999},
  pages     = {492--495},
  publisher = {IEEE Computer Society},
  istype    = {NONE},
}

@techreport{Gallagher:2006,
  author      = {Gallagher, B.},
  title       = {The State of the Art in Graph-Based Pattern Matching},
  institution = {Lawrence Livermore National Laboratory},
  location    = {Livermore, California, USA},
  year        = {2006},
  istype      = {NONE},
}

@article{GaluzziBertels:2011,
  author       = {Galuzzi, Carlo and Bertels, Koen},
  title        = {The Instruction-Set Extension Problem: A Survey},
  journaltitle = {Transactions on Reconfigurable Technology and Systems},
  volume       = {4},
  number       = {2},
  month        = {5},
  year         = {2011},
  pages        = {18:1--18:28},
  publisher    = {ACM},
  istype       = {NONE},
}

@phdthesis{Ganapathi:1980,
  author      = {Ganapathi, Mahadevan},
  title       = {Retargetable Code Generation and Optimization Using Attribute
                 Grammars},
  year        = {1980},
  institution = {The University of Wisconsin--Madison},
  location    = {Madison, Wisconsin, USA},
  istype      = {TREE},
}

@article{GanapathiEtAl:1982:Survey,
  author       = {Ganapathi, Mahadevan and Fischer, Charles N. and
                  Hennessy, John L.},
  title        = {Retargetable Compiler Code Generation},
  journaltitle = {ACM Computing Surveys},
  volume       = {14},
  number       = {4},
  year         = {1982},
  pages        = {573--592},
  istype       = {NONE},
}

@inproceedings{GanapathiEtAl:1982:AttrGr,
  author    = {Ganapathi, Mahadevan and Fischer, Charles N.},
  title     = {Description-Driven Code Generation Using Attribute Grammars},
  booktitle = {Proceedings of POPL'82},
  year      = {1982},
  pages     = {108--119},
  publisher = {ACM},
  istype    = {TREE},
}

@techreport{GanapathiFischer:1984,
  author      = {Ganapathi, Mahadevan and Fischer, Charles N.},
  title       = {Instruction Selection by Attributed Parsing},
  year        = {1984},
  institution = {Stanford University},
  location    = {Stanford, California, USA},
  istype      = {TREE},
}

@article{GanapathiFischer:1985,
  author       = {Ganapathi, Mahadevan and Fischer, Charles N.},
  title        = {Affix Grammar Driven Code Generation},
  journaltitle = {Transactions on Programming Languages and Systems},
  volume       = {7},
  number       = {4},
  year         = {1985},
  pages        = {560--599},
  publisher    = {ACM},
  istype       = {TREE},
}

@article{Ganapathi:1989,
  author       = {Ganapathi, Mahadevan},
  title        = {Prolog Based Retargetable Code Generation},
  journaltitle = {Computer Languages},
  volume       = {14},
  number       = {3},
  year         = {1989},
  pages        = {193--204},
  publisher    = {Pergamon Press},
  istype       = {TREE},
}

@book{GareyJohnson:1979,
  author    = {Garey, Michael R. and Johnson, David S.},
  title     = {Computers and Intractability},
  year      = {1979},
  publisher = {W. H. Freeman And Company},
  istype    = {NONE},
}

@inproceedings{Gebotys:1997,
  author    = {Gebotys, Catherine H.},
  title     = {An Efficient Model for DSP Code Generation: Performance,
               Code Size, Estimated Energy},
  booktitle = {Proceedings of ISSS'97},
  year      = {1997},
  pages     = {41--47},
  publisher = {IEEE Computer Society},
  istype    = {DAG},
}

@book{GecsegSteinby:1984,
  author    = {Gecseg, F. and Steinby, M.},
  title     = {Tree Automata},
  publisher = {Akad\'emiai Kiad\'o},
  year      = {1984},
  istype    = {NONE},
}

@inproceedings{GeninEtAl:1989,
  author    = {Genin, D. and De Moortel, J. and Desmet, D. and
               Van de Velde, E.},
  title     = {System Design, Optimization and Intelligent Code Generation for
               Standard Digital Signal Processors},
  booktitle = {Proceedings of ISCAS'90},
  year      = {1989},
  pages     = {565--569},
  publisher = {IEEE Computer Society},
  istype    = {MACRO},
}

@incollection{GentEtAl:2006,
  author    = {Gent, Ian P. and Petrie, Karen E. and Puget, Jean-Fran\c{c}ois},
  title     = {Symmetry in Constraint Programming},
  booktitle = {Handbook of Constraint Programming},
  chapter   = {10},
  pages     = {329--376},
  publisher = {Elsevier},
  year      = {2006},
  istype    = {NONE},
}

@article{GerlekEtAl:1995,
  author       = {Gerlek, Michael P. and Stoltz, Eric and Wolfe, Michael},
  title        = {Beyond Induction Variables: Detecting and Classifying
                  Sequences Using a Demand-driven SSA Form},
  journaltitle = {ACM Transactions on Programming Languages and Systems},
  volume       = {17},
  number       = {1},
  year         = {1995},
  pages        = {85--122},
  istype       = {NONE},
}

@incollection{Gervet:2006,
  author    = {Gervet, Carmen},
  title     = {Constraints over Structured Domains},
  booktitle = {Handbook of Constraint Programming},
  chapter   = {17},
  pages     = {605--638},
  publisher = {Elsevier},
  year      = {2006},
  istype    = {NONE},
}

@article{Giegerich:1983,
  author       = {Giegerich, Robert},
  title        = {A Formal Framework for the Derivation of Machine-Specific
                  Optimizers},
  journaltitle = {Transactions on Programming Languages and Systems},
  volume       = {5},
  number       = {3},
  year         = {1983},
  pages        = {478--498},
  publisher    = {ACM},
  istype       = {NONE},
}

@inproceedings{GeigerichSchmal:1988,
  author    = {Giegerich, Robert and Schmal, Karl},
  title     = {Code Selection Techniques: Pattern Matching, Tree Parsing, and
               Inversion of Derivors},
  booktitle = {Proceedings of ESOP'88},
  year      = {1998},
  pages     = {247--268},
  publisher = {Springer},
  istype    = {TREE},
}

@inproceedings{GrassoEtAl:2013,
  author    = {Grasso, Giovanni and Leone, Nicola and Ricca, Francesco},
  title     = {Answer Set Programming: Language, Applications and Development
               Tools},
  booktitle = {Web Reasoning and Rule Systems},
  year      = {2013},
  publisher = {Springer},
  pages     = {19--34},
  istype    = {NONE},
}

@inproceedings{GlanvilleGraham:1978,
  author    = {Glanville, R. Steven and Graham, Susan L.},
  title     = {A New Method for Compiler Code Generation},
  booktitle = {Proceedings of POPL'78},
  year      = {1978},
  pages     = {231--254},
  publisher = {Springer},
  istype    = {TREE},
}

@online{GNUlightning,
  author  = {Andrade, Paulo},
  title   = {GNU \textit{lightning}},
  url     = {www.gnu.org/software/lightning},
  year    = {2015},
  urldate = {2015-06-03},
  istype  = {MACRO},
}

@article{GoldbergEtAl:2006,
  author    = {Goldberg, E. I. and Carloni, L. P. and Villa, T. and
               Brayton, R. K. and Sangiovanni-Vincentelli, A. L.},
  title     = {Negative Thinking in Branch-and-Bound: The Case of Unate
               Covering},
  journal   = {Transactions of Computer-Aided Design of Integrated
               Ciruits and Systems},
  volume    = {19},
  number    = {3},
  year      = {2006},
  pages     = {281--294},
  publisher = {IEEE Computer Society},
  istype    = {NONE},
}

@techreport{Gough:1995,
  author      = {Gough, K. John},
  title       = {Bottom-Up Tree Rewriting Tool MBURG},
  date        = {1995-07-18},
  institution = {Faculty of Information Technology, Queensland University of
                 Technology},
  location    = {Brisbane, Australia},
  istype      = {TREE},
}

@inproceedings{GoughLedermann:1997,
  author    = {Gough, K. John and Ledermann, Jeff},
  title     = {Optimal Code-Selection using MBURG},
  booktitle = {Proceedings of ACSC'97},
  year      = {1997},
  location  = {Sydney, Australia},
  istype    = {TREE},
}

@incollection{Gough:2012,
  author    = {Gough, K.John},
  title     = {Reconceptualizing Bottom-Up Tree Rewriting},
  booktitle = {Patterns, Programming and Everything},
  pages     = {31--44},
  year      = {2012},
  publisher = {Springer},
  istype    = {TREE},
}

@article{Graham:1980,
  author       = {Graham, Susan L.},
  title        = {Table-Driven Code Generation},
  journaltitle = {Computer},
  volume       = {13},
  number       = {8},
  year         = {1980},
  pages        = {25--34},
  publisher    = {IEEE Computer Society},
  istype       = {TREE},
}

@inproceedings{GrahamEtAl:1982,
  author    = {Graham, Susan L. and Henry, Robert R. and Schulman, Robert A.},
  title     = {An Experiment in Table Driven Code Generation},
  booktitle = {Proceedings of CC'82},
  year      = {1982},
  pages     = {32--43},
  publisher = {ACM},
  istype    = {TREE},
}

@inproceedings{GranlundKenner:1992,
  author    = {Granlund, Torbj\"orn and Kenner, Richard},
  title     = {Eliminating Branches Using a Superoptimizer and the GNU C
               Compiler},
  booktitle = {Proceedings of PLDI'92},
  year      = {1992},
  pages     = {341--352},
  publisher = {ACM},
  istype    = {NONE},
}

@inproceedings{GuoEtAl:2003,
  author    = {Guo, Yuanqing and Smit, Gerard J.M. and Broersma, Hajo and
               Heysters, Paul M.},
  title     = {A Graph Covering Algorithm for a Coarse Grain Reconfigurable
               System},
  booktitle = {Proceedings of LCTES'03},
  year      = {2003},
  pages     = {199--208},
  publisher = {ACM},
  istype    = {NONE},
}

@inproceedings{HanonoDevadas:1998,
  author    = {Hanono, Silvina and Devadas, Srinivas},
  title     = {Instruction Selection, Resource Allocation, and Scheduling in the
               AVIV Retargetable Code Generator},
  booktitle = {Proceedings of DAC'98},
  year      = {1998},
  pages     = {510--515},
  publisher = {ACM},
  istype    = {NONE},
}

@phdthesis{Hanono:1999,
  author      = {Hanono, Silvina Zimi},
  title       = {AVIV: A Retargetable Code Generator for Embedded Processors},
  year        = {1999},
  institution = {Massachusetts Institute of Technology},
  location    = {Cambridge, Massachusetts, USA},
  istype      = {NONE},
}

@book{HansonFraser:1995,
  author    = {Hanson, David R. and Fraser, Christopher W.},
  title     = {A Retargetable C Compiler: Design and Implementation},
  publisher = {Addison-Wesley},
  year      = {1995},
  istype    = {TREE},
}

@article{HaralickElliott:1980,
  author       = {Haralick, Robert M. and Elliott, Gordon L.},
  title        = {Increasing Tree Search Efficiency for Constraint Satisfaction
                  Problems},
  journaltitle = {Artificial Intelligence},
  volume       = {14},
  number       = {3},
  pages        = {263--313},
  year         = {1980},
  publisher    = {Elsevier},
  istype       = {NONE},
}

@article{Harrison:1979,
  author       = {Harrison, W. H.},
  title        = {A New Strategy for Code Generation the General-Purpose
                  Optimizing Compiler},
  journaltitle = {Transactions Software Engineering},
  volume       = {5},
  number       = {4},
  year         = {1979},
  pages        = {367--373},
  publisher    = {IEEE Computer Society},
  istype       = {MACRO},
}

@inproceedings{HatcherChristopher:1986,
  author    = {Hatcher, Philip J. and Christopher, Thomas W.},
  title     = {High-Quality Code Generation via Bottom-Up Tree Pattern
               Matching},
  booktitle = {Proceedings of POPL'86},
  year      = {1986},
  pages     = {119--130},
  publisher = {ACM},
  istype    = {TREE},
}

@inproceedings{HatcherTuller:1988,
  author    = {Hatcher, P.J. and Tuller, J. W.},
  title     = {Efficient Retargetable Compiler Code Generation},
  booktitle = {Proceedings of ICCL'88},
  year      = {1988},
  pages     = {25--30},
  publisher = {IEEE Computer Society},
  istype    = {TREE},
}

@article{Hatcher:1991,
  author       = {Hatcher, P.J.},
  title        = {The Equational Specification of Efficient Compiler Code
                  Generation},
  journaltitle = {Computer Languages},
  volume       = {16},
  number       = {1},
  year         = {1991},
  pages        = {81--95},
  istype       = {TREE},
}

@online{HBURG,
  author  = {Boehm, Igor},
  title   = {HBURG},
  url     = {www.bytelabs.org/hburg.html},
  year    = {2007},
  urldate = {2014-02-11},
  istype  = {TREE},
}

@phdthesis{Henry:1984,
  author      = {Henry, Robert Rettig},
  title       = {Graham-Glanville Code Generators},
  institution = {EECS Department, University of California},
  location    = {Berkeley, California, USA},
  year        = {1984},
  month       = {5},
  istype      = {TREE},
}

@techreport{Henry:1989,
  author      = {Henry, Robert Rettig},
  title       = {Encoding Optimal Pattern Selection in Table-Driven Bottom-Up
                 Tree-Pattern Matcher},
  year        = {1989},
  institution = {University of Washington},
  location    = {Seattle, Washington, USA},
  istype      = {TREE},
}

@inproceedings{HinoEtAl:2012,
  author    = {Hino, Takahiro and Suzuki, Yusuke and Uchida, Tomoyuki and
               Itokawa, Yuko},
  title     = {Polynomial Time Pattern Matching Algorithm for Ordered Graph
               Patterns},
  booktitle = {Proceedings of ILP'12},
  year      = {2012},
  pages     = {86--101},
  publisher = {Springer},
  istype    = {NONE},
}

@techreport{HjortBlindell:2013:Survey,
  author      = {Hjort Blindell, Gabriel},
  title       = {Survey on Instruction Selection: An Extensive and Modern
                 Literature Study},
  institution = {KTH Royal Institute of Technology},
  location    = {Stockholm, Sweden},
  year        = {2013},
  istype      = {NONE},
}

@inproceedings{HjortBlindellEtAl:2015:CP,
  author    = {Hjort Blindell, Gabriel and Casta\~{n}eda Lozano, Robert and
               Carlsson, Mats and Schulte, Christian},
  title     = {Modeling Universal Instruction Selection},
  booktitle = {Proceedings of CP'15},
  pages     = {609--626},
  publisher = {Springer},
  year      = {2015},
  istype    = {GRAPH},
}

@book{HjortBlindell:2016:Survey,
  author    = {Hjort Blindell, Gabriel},
  title     = {Instruction Selection: Principles, Methods, and Applications},
  publisher = {Springer},
  year      = {2016},
  istype    = {NONE},
}

@incollection{HjortBlindellEtAl:2016:FDL,
  author    = {Hjort Blindell, Gabriel and Menne, Christian and Sander, Ingo},
  title     = {Synthesizing Code for GPGPUs from Abstract Formal Models},
  booktitle = {Languages, Design Methods, and Tools for Electronic System
               Design},
  pages     = {115--134},
  publisher = {Springer},
  series    = {Lecture Notes in Electrical Engineering},
  volume    = {361},
  year      = {2016},
  istype    = {NONE},
}

@article{HjortBlindellEtAl:2017:CASES,
  author       = {Hjort Blindell, Gabriel and Carlsson, Mats and
                  Casta\~{n}eda Lozano, Robert and Schulte, Christian},
  title        = {Complete and Practical Univeral Instruction Selection},
  journaltitle = {ACM Transactions on Embedded Computing Systems},
  volume       = {16},
  number       = {5s},
  pages        = {119:1--119:18},
  year         = {2017},
  istype       = {GRAPH},
}

@article{HoffmannODonnell:1982,
  author       = {Hoffmann, Christoph M. and O'Donnell, Michael J.},
  title        = {Pattern Matching in Trees},
  journaltitle = {Journal of the ACM},
  volume       = {29},
  number       = {1},
  year         = {1982},
  pages        = {68--95},
  istype       = {NONE},
}

@article{Hooker:1988,
  author       = {Hooker, J. N.},
  title        = {Resolution vs. Cutting Plane Solution of Inference Problems:
                  Some Computational Experience},
  journaltitle = {Operations Research Letters},
  volume       = {7},
  number       = {1},
  month        = {2},
  year         = {1988},
  pages        = {1--7},
  publisher    = {Elsevier},
  istype       = {NONE},
}

@inproceedings{HooverZadeck:1996,
  author    = {Hoover, Roger and Zadeck, Kenneth},
  title     = {Generating Machine Specific Optimizing Compilers},
  booktitle = {Proceedings of POPL'96},
  year      = {1996},
  pages     = {219--229},
  publisher = {ACM},
  istype    = {DAG},
}

@inproceedings{HormatiEtAl:2007,
  author    = {Hormati, A. and Clark, N. and Mahlke, S.},
  title     = {Exploiting Narrow Accelerators with Data-Centric Subgraph
               Mapping},
  booktitle = {Proceedings of CGI'07},
  year      = {2007},
  pages     = {341--353},
  publisher = {IEEE Computer Society},
  istype    = {DAG},
}

@article{Horspool:1987,
  author       = {Horspool, R. N.},
  title        = {An Alternative to the Graham-Glanville Code-Generation
                  Method},
  journaltitle = {Software},
  volume       = {4},
  number       = {3},
  month        = {5},
  year         = {1987},
  pages        = {33--39},
  publisher    = {IEEE Computer Society},
  istype       = {TREE},
}

@article{HuangDespain:1995,
  author       = {Huang, {Ing-Jer} and Despain, Alvin M.},
  title        = {Synthesis of Application Specific Instruction Sets},
  journaltitle = {Transactions on Computer Aided Design of Integrated
                  Circuits and Systems},
  year         = {1995},
  volume       = {14},
  number       = {6},
  month        = {6},
  pages        = {663--675},
  publisher    = {IEEE Computer Society},
  istype       = {NONE},
}

@online{Intel:2014:NewsRelease,
  sortname     = {Intel},
  title        = {Intel Reports Record Third-Quarter Revenue of \$14.6 Billion},
  date         = {2014-10-14},
  organization = {Intel},
  urldate      = {2017-09-23},
  url          = {newsroom.intel.com/news-releases/intel-reports-record-third-quarter-revenue-of-14-6-billion/},
  istype       = {NONE},
}

@manual{Intel64:2015,
  sortname     = {Intel64},
  title        = {Intel 64 and IA-32 Architectures: Software Developer's
                  Manual},
  year         = {2015},
  month        = {4},
  volume       = {2},
  organization = {Intel},
  istype       = {NONE},
}

@inproceedings{JanousekJaroslav:2014,
  author    = {Jan Janou\v{s}ek and Jaroslav M\'alek},
  title     = {Target Code Selection by Tilling AST with the Use of Tree Pattern
               Pushdown Automaton},
  booktitle = {Proceedings of SLATE'14},
  year      = {2014},
  pages     = {159--165},
  publisher = {Schloss Dagstuhl--Leibniz-Zentrum fuer Informatik},
  istype    = {TREE},
}

@online{JBURG,
  author  = {Harwood, Tom and Kumar, Karthik and Bereton, Nick},
  title   = {JBURG},
  url     = {jburg.sourceforge.net},
  year    = {2013},
  urldate = {2014-02-11},
  istype  = {TREE},
}

@incollection{JiangBunke:1996,
  author    = {Jiang, X.Y. and Bunke, H.},
  title     = {Including Geometry in Graph Representations: A Quadratic-Time
               Graph Isomorphism Algorithm and Its Applications},
  year      = {1996},
  booktitle = {Advances in Structural and Syntactical Pattern Recognition},
  pages     = {110--119},
  publisher = {Springer},
  istype    = {NONE},
}

@article{JiangBunke:1998:Article,
  author       = {Jiang, X. and Bunke, H.},
  title        = {On the Coding of Ordered Graphs},
  year         = {1998},
  journaltitle = {Computing},
  volume       = {61},
  number       = {1},
  pages        = {23--38},
  publisher    = {Springer},
  istype       = {NONE},
}

@incollection{JiangBunke:1998:Chapter,
  author    = {Jiang, Xiaoyi and Bunke, Horst},
  title     = {Marked Subgraph Isomorphism of Ordered Graphs},
  booktitle = {Advances in Pattern Recognition},
  year      = {1998},
  pages     = {122--131},
  publisher = {Springer},
  istype    = {NONE},
}

@article{Johnson:1975,
  author       = {Johnson, Donald B.},
  title        = {{Finding All the Elementary Circuits of a Directed Graph}},
  journaltitle = {SIAM Journal on Computing},
  volume       = {4},
  number       = {1},
  year         = {1975},
  pages        = {77--84},
  istype       = {NONE},
}

@inproceedings{Johnson:1978,
  author    = {Johnson, S. C.},
  title     = {A Portable Compiler: Theory and Practice},
  booktitle = {Proceedings of POPL'78},
  year      = {1978},
  pages     = {97--104},
  publisher = {ACM},
  istype    = {TREE},
}

@incollection{Johnson:1981,
  author    = {Johnson, S. C.},
  title     = {A Tour Through the Portable C Compiler},
  booktitle = {Unix Programmer's Manual},
  chapter   = {33},
  volume    = {2B},
  edition   = {7},
  year      = {1981},
  publisher = {AT\&T Bell Laboratories},
  istype    = {TREE},
}

@inproceedings{JoshiEtAl:2002,
  author    = {Joshi, Rajeev and Nelson, Greg and Randall, Keith},
  title     = {Denali: A Goal-Directed Superoptimizer},
  booktitle = {Proceedings of PLDI'02},
  year      = {2002},
  pages     = {304--314},
  publisher = {ACM},
  istype    = {NONE},
}

@article{JoshiEtAl:2006,
  author       = {Joshi, Rajeev and Nelson, Greg and Zhou, Yunhong},
  title        = {Denali: A Practical Algorithm for Generating Optimal Code},
  journaltitle = {Transactions on Programming Languages and Systems},
  volume       = {28},
  number       = {6},
  year         = {2006},
  pages        = {967--989},
  publisher    = {ACM},
  istype       = {NONE},
}

@techreport{KangChoe:1995,
  author      = {Kang, {Kyung-Woo} and Choe, {Kwang-Moo}},
  title       = {On the Automatic Generation of Instruction Selector Using
                 Bottom-Up Tree Pattern Matching},
  institution = {Korea Advanced Institute of Science and Technology},
  location    = {Daejeon, South Korea},
  year        = {1995},
  istype      = {TREE},
}

@incollection{Kang:2004,
  author    = {Kang, {Kyung-Woo}},
  title     = {A Study on Generating an Efficient Bottom-Up Tree Rewrite
               Machine for JBURG},
  booktitle = {Proceedings of ICCSA'04},
  year      = {2004},
  publisher = {Springer},
  pages     = {65--72},
  istype    = {TREE},
}

@inproceedings{KarpEtAl:1972,
  author    = {Karp, Richard M. and Miller, Raymond E. and
               Rosenberg, Arnold L.},
  title     = {Rapid Identification of Repeated Patterns in Strings,
               Trees and Arrays},
  booktitle = {Proceedings of STOC'72},
  year      = {1972},
  pages     = {125--136},
  publisher = {ACM},
  istype    = {NONE},
}

@article{KastnerEtAl:2002,
  author       = {Kastner, R. and Kaplan, A. and Memik, S. Ogrenci and
                  Bozorgzadeh, E.},
  title        = {Instruction Generation for Hybrid Reconfigurable Systems},
  journaltitle = {Transactions on Design Automation of Electronic Systems},
  volume       = {7},
  number       = {4},
  year         = {2002},
  pages        = {605--627},
  publisher    = {ACM},
  istype       = {NONE},
}

@inproceedings{KayaHooker:2006,
  author    = {Kaya, Latife Gen{\c{c}} and Hooker, J. N.},
  title     = {A Filter for the Circuit Constraint},
  booktitle = {Proceedings of CP'06},
  year      = {2006},
  publisher = {Springer},
  pages     = {706--710},
  istype    = {NONE},
}

@inproceedings{Kessler:1984,
  author    = {Kessler, Robert R.},
  title     = {PEEP: An Architectural Description Driven Peephole Optimizer},
  booktitle = {Proceedings of CC'84},
  year      = {1984},
  pages     = {106--110},
  publisher = {ACM},
  istype    = {MACRO},
}

@inproceedings{Kessler:1986,
  author    = {Kessler, Peter B.},
  title     = {Discovering Machine-Specific Code Improvements},
  booktitle = {Proceedings of CC'86},
  year      = {1986},
  pages     = {249--254},
  publisher = {ACM},
  istype    = {MACRO},
}

@inproceedings{KesslerBednarski:2001,
  author    = {Kessler, Christoph W. and Bednarski, Andrzej},
  title     = {A Dynamic Programming Approach to Optimal Integrated Code
               Generation},
  booktitle = {Proceedings of LCTES'01},
  pages     = {165--174},
  year      = {2001},
  publisher = {ACM},
  istype    = {NONE},
}

@inproceedings{KesslerBednarski:2002,
  author    = {Kessler, Christoph W. and Bednarski, Andrzej},
  title     = {Optimal Integrated Code Generation for Clustered VLIW
               Architectures},
  booktitle = {Proceedings of LCTES/M-SCOPES'02},
  pages     = {102--111},
  year      = {2002},
  publisher = {ACM},
  istype    = {NONE},
}

@inproceedings{Keutzer:1987,
  author    = {Keutzer, Kurt},
  title     = {DAGON: Technology Binding and Local Optimization by DAG
               Matching},
  booktitle = {Proceedings of DAC'87},
  year      = {1987},
  pages     = {341--347},
  publisher = {ACM},
  istype    = {DAG},
}

@unpublished{Khedker:2012,
  author       = {Khedker, Uday},
  title        = {Workshop on Essential Abstractions in GCC},
  date         = {2012-06-30/2012-07-03},
  howpublished = {Lecture},
  note         = {GCC Resource Center, Department of Computer Science and
                  Engineering, IIT Bombay},
  location     = {Bombay, India},
  istype       = {MACRO},
}

@article{KirkpatrickEtAl:1983,
  author       = {Kirkpatrick, S. and Gelatt, C. D. and Vecchi, M. P.},
  title        = {Optimization by Simulated Annealing},
  journaltitle = {Science},
  volume       = {220},
  number       = {4598},
  pages        = {671--680},
  year         = {1983},
  istype       = {GRAPH},
}

@article{Knuth:1965,
  author       = {Donald E. Knuth},
  title        = {On the Translation of Languages From Left to Right},
  journaltitle = {Information and Control},
  volume       = {8},
  issue        = {6},
  month        = {12},
  year         = {1965},
  pages        = {607--639},
  publisher    = {Elsevier},
  istype       = {NONE},
}

@article{Knuth:1968,
  author       = {Knuth, Donald E.},
  title        = {Semantics of Context-Free Languages},
  journaltitle = {Mathematical Systems Theory},
  volume       = {2},
  number       = {2},
  year         = {1968},
  pages        = {127--145},
  publisher    = {Springer},
  istype       = {NONE},
}

@article{KnuthEtAl:1977,
  author       = {Knuth, Donald E. and Morris, James H. Jr. and
                  Pratt, Vaughan R.},
  title        = {Fast Pattern Matching in Strings},
  journaltitle = {SIAM Journal of Computing},
  volume       = {6},
  number       = {2},
  year         = {1977},
  pages        = {323--350},
  publisher    = {Society for Industrial and Applied Mathematics},
  istype       = {NONE},
}

@inproceedings{KoesGoldstein:2008,
  author    = {Koes, David Ryan and Goldstein, Seth Copen},
  title     = {Near-Optimal Instruction Selection on DAGs},
  booktitle = {Proceedings of CGO'08},
  pages     = {45--54},
  publisher = {ACM},
  year      = {2008},
  istype    = {DAG},
}

@phdthesis{Koes:2009,
  author      = {Koes, David},
  title       = {Towards a More Principled Compiler: Register Allocation and
                 Instruction Selection Revisited},
  year        = {2009},
  institution = {Carnegie Mellon University},
  location    = {Pittsburgh, Pennsylvania, USA},
  istype      = {DAG},
}

@inproceedings{Korf:2004,
  author    = {Korf, Richard E.},
  title     = {Optimal Rectangle Packing: New Results},
  booktitle = {Proceedings of ICAPS'04},
  year      = {2004},
  pages     = {142--149},
  publisher = {AAAI Press},
  istype    = {NONE},
}

@inproceedings{KrishnaswamyGupta:2002,
  author    = {Krishnaswamy, Arvind and Gupta, Rajiv},
  title     = {Profile Guided Selection of ARM and Thumb Instructions},
  booktitle = {Proceedings of LCTES/M-SCOPES'02},
  year      = {2002},
  pages     = {56--64},
  publisher = {ACM},
  istype    = {MACRO},
}

@article{KrissinelHenrick:2004,
  author       = {Krissinel, Evgeny B. and Henrick, Kim},
  title        = {Common Subgraph Isomorphism Detection by Backtracking Search},
  journaltitle = {Software--Practice \& Experience},
  volume       = {34},
  number       = {6},
  year         = {2004},
  pages        = {591--607},
  publisher    = {John Wiley \& Sons, Inc.},
  istype       = {NONE},
}

@phdthesis{Kron:1975,
  author      = {Kron, Hans Hermann},
  title       = {Tree Templates and Subtree Transformational Grammars},
  year        = {1975},
  institution = {University of California},
  location    = {Santa Cruz, California, USA},
  istype      = {NONE},
}

@inproceedings{KreuzerEtAl:1996,
  author    = {Kreuzer, W. and Gotschlich, W. and Wess, B},
  title     = {REDACO: A Retargetable Data Flow Graph Compiler for Digital
               Signal Processors},
  booktitle = {Proceedings of ICSPAT'96},
  year      = {1996},
  pages     = {742--746},
  publisher = {Miller Freeman},
  istype    = {TREE},
}

@inproceedings{KrummeAckley:1982,
  author    = {Krumme, David W. and Ackley, David H.},
  title     = {A Practical Method for Code Generation Based on Exhaustive
               Search},
  booktitle = {Proceedings of CC'82},
  year      = {1982},
  pages     = {185--196},
  publisher = {ACM},
  istype    = {MACRO},
}

@article{Kuchcinski2003,
  author       = {Kuchcinski, Krzysztof},
  title        = {Constraints-Driven Scheduling and Resource Assignment},
  journaltitle = {Transactions on Design Automation of Electronic Systems},
  volume       = {8},
  number       = {3},
  year         = {2003},
  issn         = {1084-4309},
  pages        = {355--383},
  publisher    = {ACM},
  istype       = {NONE},
}

@article{KulkarniEtAl:2006,
  author       = {Kulkarni, Prasad and Zhao, Wankang and Hines, Stephen and
                  Whalley, David and Yuan, Xin and Engelen, Robert van and
                  Gallivan, Kyle and Hiser, Jason and Davidson, Jack and
                  Cai, Baosheng and Bailey, Mark and Moon, Hwashin and
                  Cho, Kyunghwan and Paek, Yunheung},
  title        = {VISTA: VPO Interactive System for Tuning Applications},
  journaltitle = {Transactions on Embedded Computer Systems},
  volume       = {5},
  number       = {4},
  month        = {11},
  year         = {2006},
  pages        = {819--863},
  publisher    = {ACM},
  istype       = {MACRO},
}

@article{LandDoig:1960,
  author       = {Land, A. H. and Doig, A. G.},
  title        = {An Automatic Method of Solving Discrete Programming Problems},
  journaltitle = {Econometrica},
  number       = {3},
  volume       = {28},
  pages        = {497--520},
  year         = {1960},
  publisher    = {Wiley},
  istype       = {NONE},
}

@inproceedings{LandwehrEtAl:1982,
  author    = {Landwehr, Rudolf and Jansohn, Hans-Stephan and Goos, Gerhard},
  title     = {Experience with an Automatic Code Generator Generator},
  booktitle = {Proceedings of CC'82},
  year      = {1982},
  pages     = {56--66},
  publisher = {ACM},
  istype    = {TREE},
}

@inproceedings{LangevinCerny:1993,
  author    = {Langevin, M. and Cerny, E.},
  title     = {An Automata-Theoretic Approach to Local Microcode Generation},
  booktitle = {Proceedings of EDAC'93},
  year      = {1993},
  pages     = {94--98},
  publisher = {IEEE Computer Society},
  istype    = {NONE},
}

@inproceedings{LanneerEtAl:1990,
  author    = {Lanneer, D. and Catthoor, F. and Goossens, G. and Pauwels, M. and
               Van Meerbergen, J. and De Man, H.},
  title     = {Open-Ended System for High-Level Synthesis of Flexible Signal
               Processors},
  booktitle = {Proceedings of EURO-DAC'90},
  year      = {1990},
  pages     = {272--276},
  publisher = {IEEE Computer Society},
  istype    = {GRAPH},
}

@inproceedings{LattnerAdve:2004,
  author    = {Lattner, Chris and Adve, Vikram},
  title     = {LLVM: A Compilation Framework for Lifelong Program Analysis
               \& Transformation},
  booktitle = {Proceedings of CGO'04},
  year      = {2004},
  pages     = {75--86},
  publisher = {IEEE Computer Society},
  istype    = {DAG},
}

@article{Lauriere:1978,
  author       = {Jean-Louis Lauri\`ere},
  title        = {A Language and a Program for Stating and Solving Combinatorial
                  Problems},
  journaltitle = {Artificial Intelligence},
  volume       = {10},
  number       = {1},
  pages        = {29--127},
  year         = {1978},
  istype       = {NONE},
}

@inbook{LawLee:2004,
  author    = {Law, Yat Chiu and Lee, Jimmy H. M.},
  title     = {Global Constraints for Integer and Set Value Precedence},
  booktitle = {Proceedings of CP'04},
  year      = {2004},
  pages     = {362--376},
  publisher = {Springer},
  istype    = {NONE},
}

@article{Lecoutre:2011,
  author       = {Lecoutre, Christophe},
  title        = {STR2: Optimized Simple Tabular Reduction for Table
                  Constraints},
  journaltitle = {Constraints},
  volume       = {16},
  number       = {4},
  year         = {2011},
  pages        = {341--371},
  publisher    = {Springer},
  istype       = {NONE},
}

@article{LecoutreEtAl:2015,
  author       = {Lecoutre, Christophe and Likitvivatanavong, Chavalit and
                  Yap, Roland},
  title        = {STR3: A Path-optimal Filtering Algorithm for Table
                  Constraints},
  journaltitle = {Artifial Intelligence},
  volume       = {220},
  year         = {2015},
  pages        = {1--27},
  publisher    = {Elsevier},
  istype       = {NONE},
}

@inproceedings{LecoutreSzymanek:2006,
  author    = {Lecoutre, Christophe and Szymanek, R.},
  title     = {Generalized Arc Consistency for Positive Table Constraints},
  booktitle = {Proceedings of CP'06},
  year      = {2006},
  publisher = {Springer},
  pages     = {284--298},
  istype    = {NONE},
}

@inproceedings{LeeEtAl:1997,
  author    = {Lee, Chunho and Potkonjak, Miodrag and
               Mangione-Smith, William H.},
  title     = {{MediaBench: A Tool for Evaluating and Synthesizing Multimedia
                and Communications Systems}},
  booktitle = {MICRO'97},
  year      = {1997},
  pages     = {330--335},
  publisher = {IEEE},
  istype    = {NONE},
}

@inproceedings{Leupers:2000:Survey,
  author    = {Leupers, Rainer},
  title     = {Code Generation for Embedded Processors},
  booktitle = {Proceedings of ISSS'00},
  year      = {2000},
  pages     = {173--178},
  publisher = {IEEE Computer Society},
  istype    = {NONE},
}

@inproceedings{Leupers:2000:SIMD,
  author    = {Leupers, Rainer},
  title     = {Code Selection for Media Processors with SIMD Instructions},
  booktitle = {Proceedings of DATE'00},
  year      = {2000},
  pages     = {4--8},
  publisher = {ACM},
  istype    = {DAG},
}

@article{LeupersBashford:2000,
  author       = {Leupers, Rainer and Bashford, Steven},
  title        = {Graph-Based Code Selection Techniques for Embedded
                  Processors},
  journaltitle = {Transactions on Design Automation of Electronic Systems},
  volume       = {5},
  pages        = {794--814},
  issn         = {1084-4309},
  issue        = {4},
  year         = {2000},
  publisher    = {ACM},
  istype       = {DAG},
}

@inproceedings{LeupersMarwedel:1995,
  author    = {Leupers, Rainer and Marwedel, Peter},
  title     = {Time-Constrained Code Compaction for DSPs},
  booktitle = {Proceedings of ISSS'95},
  year      = {1995},
  pages     = {54--59},
  publisher = {ACM},
  istype    = {DAG},
}

@inproceedings{LeupersMarwedel:1996,
  author    = {Leupers, Rainer and Marwedel, Peter},
  title     = {Instruction Selection for Embedded DSPs with Complex
               Instructions},
  booktitle = {Proceedings of EURO-DAC/EURO-VHDL'96},
  year      = {1996},
  pages     = {200--205},
  publisher = {IEEE Computer Society},
  istype    = {DAG},
}

@inproceedings{LeupersMarwedel:1997,
  author    = {Leupers, Rainer and Marwedel, Peter},
  title     = {Retargetable Generation of Code Selectors from HDL Processor
               Models},
  booktitle = {Proceedings of EDTC'97},
  year      = {1997},
  pages     = {140--144},
  publisher = {IEEE Computer Society},
  istype    = {TREE},
}

@article{LeupersMarwedel:1998,
  author       = {Leupers, Rainer and Marwedel, Peter},
  title        = {Retargetable Code Generation Based on Structural Processor
                  Description},
  journaltitle = {Design Automation for Embedded Systems},
  volume       = {3},
  number       = {1},
  pages        = {75--108},
  year         = {1998},
  publisher    = {Kluwer Academic Publishers},
  istype       = {DAG},
}

@book{LeupersMarwedel:2001,
  author    = {Leupers, Rainer and Marwedel, Peter},
  title     = {Retargetable Compiler Technology for Embedded Systems},
  publisher = {Kluwer Academic Publishers},
  year      = {2001},
  istype    = {NONE},
}

@article{LeverettEtAl:1980,
  author       = {Bruce W. Leverett and Roderic G. G. Cattell and
                  Steven O. Hobbs and Joseph M. Newcomer and Andrew H. Reiner
                  and Bruce R. Schatz and William A. Wulf},
  title        = {An Overview of the Production-Quality Compiler-Compiler
                  Project},
  journaltitle = {Computer},
  volume       = {13},
  number       = {8},
  year         = {1980},
  pages        = {38--49},
  publisher    = {IEEE Computer Society},
  istype       = {TREE},
}

@inproceedings{LiaoEtAl:1995,
  author    = {Liao, Stan and Devadas, Srinivas and Keutzer, Kurt and
               Tjiang, Steve},
  title     = {Instruction Selection Using Binate Covering for Code Size
               Optimization},
  booktitle = {Proceedings of ICCAD'95},
  year      = {1995},
  pages     = {393--399},
  publisher = {IEEE Computer Society},
  istype    = {DAG},
}

@article{LiaoEtAl:1998,
  author       = {Liao, S. and Keutzer, K. and Tjiang, S. and Devadas, S.},
  title        = {A New Viewpoint on Code Generation for Directed Acyclic
                  Graphs},
  journaltitle = {Transactions on Design Automation of Electronic Systems},
  volume       = {3},
  number       = {1},
  year         = {1998},
  pages        = {51--75},
  publisher    = {ACM},
  istype       = {DAG},
}

@inproceedings{LiemEtAl:1994,
  author    = {Liem, C. and May, T. and Paulin, P.},
  title     = {Instruction-Set Matching and Selection for DSP and ASIP Code
               Generation},
  booktitle = {Proceedings of EDAC/ETC/EUROASIC'94},
  year      = {1994},
  pages     = {31--37},
  publisher = {IEEE Computer Society},
  istype    = {DAG},
}

@online{LLVM:2015:Intrinsics,
  author  = {Bougacha, Ahmed},
  title   = {[LLVMdev] [RFC] Integer Saturation Intrinsics},
  url     = {groups.google.com/forum/#!topic/llvm-dev/fHThmnh8zkI},
  year    = {2015-01-14},
  urldate = {2015-06-09},
  istype  = {NONE},
}

@article{LoiolaEtAl:2007,
  author       = {Loiola, Eliane Maria and Maia de Abreu, Nair Maria and
                  {Boaventura-Netto}, Paulo Oswaldo and Hahn, Peter and
                  Querido, Tania},
  title        = {A Survey for the Quadratic Assignment Problem},
  journaltitle = {European Journal of Operational Research},
  volume       = {176},
  number       = {2},
  pages        = {657--690},
  year         = {2007},
  publisher    = {Elsevier},
  istype       = {NONE},
}

@inproceedings{Lopez-OrtizEtAl:2003,
  author    = {Lopez-Ortiz, Alejandro and Quimper, Claude-Guy and
               Tromp, John and van Beek, Peter},
  title     = {A Fast and Simple Algorithm for Bounds Consistency of the All
               Different Constraint},
  booktitle = {Proceedings of IJCAI'03},
  year      = {2003},
  pages     = {245--250},
  publisher = {Morgan Kaufmann Publishers Inc.},
  istype    = {NONE},
}

@inproceedings{LorenzEtAl:2001,
  author    = {Lorenz, M. and Leupers, R. and Marwedel, P. and Drager, T.
               and Fettweis, G.},
  title     = {Low-Energy DSP Code Generation Using a Genetic Algorithm},
  booktitle = {Proceedings of ICCD'01},
  year      = {2001},
  pages     = {431--437},
  publisher = {IEEE Computer Society},
  istype    = {DAG},
}

@inproceedings{LorenzMarwedel:2004,
  author    = {Lorenz, M. and Marwedel, P.},
  title     = {Phase Coupled Code Generation for DSPs Using a Genetic
               Algorithm},
  booktitle = {Proceedings of DATE'04},
  year      = {2004},
  month     = {2},
  volume    = {2},
  pages     = {1270--1275},
  publisher = {IEEE Computer Society},
  istype    = {DAG},
}

@inproceedings{LoweEhrig:1991,
  author    = {L\"owe, M. and Ehrig, H.},
  title     = {Algebraic Approach to Graph Transformation Based on Single
               Pushout Derivations},
  booktitle = {Proceedings of WG'90},
  year      = {1991},
  pages     = {338--353},
  publisher = {Springer},
  istype    = {NONE},
}

@article{LowryMedlock:1969,
  author       = {Lowry, Edward S. and Medlock, C. W.},
  title        = {Object Code Optimization},
  journaltitle = {Communications of the ACM},
  volume       = {12},
  number       = {1},
  year         = {1969},
  pages        = {13--22},
  istype       = {MACRO},
}

@phdthesis{Lunell:1983,
  author      = {Lunell, Hans},
  title       = {Code Generator Writing Systems},
  year        = {1983},
  institution = {Link\"oping University},
  location    = {Link\"oping, Sweden},
  istype      = {NONE},
}

@article{MadhavanEtAl:2000,
  author       = {Madhavan, Maya and Shankar, Priti and Rai, Siddhartha and
                  Ramakrishna, U.},
  title        = {Extending Graham-Glanville Techniques for Optimal Code
                  Generation},
  journaltitle = {Transactions on Programming Languages and Systems},
  volume       = {22},
  number       = {6},
  year         = {2000},
  pages        = {973--1001},
  publisher    = {ACM},
  istype       = {TREE},
}

@inproceedings{MahmoodEtAl:1990,
  author    = {Mahmood, M. and Mavaddat, F. and Elmastry, M.I.},
  title     = {Experiments with an Efficient Heuristic Algorithm for Local
               Microcode Generation},
  booktitle = {Proceedings of ICCD'90},
  year      = {1990},
  pages     = {319--323},
  publisher = {IEEE Computer Society},
  istype    = {NONE},
}

@mastersthesis{Maltz:1978,
  author      = {Maltz, Ivan J.},
  title       = {Implementation of a Code Generator Preprocessor},
  year        = {1978},
  institution = {University of California},
  location    = {Berkeley, California, USA},
  istype      = {MACRO},
}

@article{MairyEtAl:2014,
  author       = {Mairy, Jean-Baptiste and van Hentenryck, Pascal and
                  Deville, Yves},
  title        = {Optimal and Efficient Filtering Algorithms for Table
                  Constraints},
  journaltitle = {Constraints},
  volume       = {19},
  number       = {1},
  year         = {2014},
  pages        = {77--120},
  publisher    = {Springer},
  istype       = {NONE},
}

@incollection{MarquesSilvaEtal:2014,
  author    = {Marques-Silva, Joao and Lynce, Ines and Malik, Sharad},
  title     = {Conflict-Driven Clause Learning SAT Solvers},
  booktitle = {Handbook of Satisfiability},
  year      = {2009},
  chapter   = {4},
  pages     = {131--153},
  publisher = {IOS Press},
  istype    = {NONE},
}

@inproceedings{MartinEtAl:2009,
  author    = {Martin, Kevin and Wolinski, Christophe and Kuchcinski, Krzysztof
               and Floch, Antoine and Charot, Fran\c{c}ois},
  title     = {Constraint-Driven Instructions Selection and Application
               Scheduling in the DURASE System},
  booktitle = {Proceedings of ASAP'09},
  year      = {2009},
  pages     = {145--152},
  publisher = {IEEE Computer Society},
  istype    = {DAG},
}

@article{MartinEtAl:2012,
  author       = {Martin, Kevin and Wolinski, Christophe and
                  Kuchcinski, Krzysztof and Floch, Antoine and
                  Charot, Fran\c{c}ois},
  title        = {Constraint Programming Approach to Reconfigurable Processor
                  Extension Generation and Application Compilation},
  journaltitle = {ACM Transactions on Reconfigurable Technology and Systems},
  volume       = {5},
  number       = {2},
  year         = {2012},
  pages        = {10:1--10:38},
  istype       = {DAG},
}

@inproceedings{Massalin:1987,
  author    = {Massalin, Henry},
  title     = {Superoptimizer: A Look at the Smallest Program},
  booktitle = {Proceedings of ASPLOS'87},
  year      = {1987},
  pages     = {122--126},
  publisher = {IEEE Computer Society},
  istype    = {NONE},
}

@inproceedings{Marwedel:1984,
  author    = {Marwedel, Peter},
  title     = {The MIMOLA Design System: Tools for the Design of Digital
               Processors},
  booktitle = {Proceedings of DAC'84},
  year      = {1984},
  pages     = {587--593},
  publisher = {IEEE Computer Society},
  istype    = {NONE},
}

@inproceedings{Marwedel:1993,
  author    = {Marwedel, Peter},
  title     = {Tree-Based Mapping of Algorithms to Predefined Structures},
  booktitle = {Proceedings of ICCAD'93},
  year      = {1993},
  pages     = {586--593},
  publisher = {IEEE Computer Society},
  istype    = {TREE},
}

@inproceedings{Marwedel:1997,
  author    = {Marwedel, Peter},
  title     = {Code Generation for Core Processors},
  booktitle = {Proceedings of DAC'97},
  year      = {1997},
  pages     = {232--237},
  publisher = {IEEE Computer Society},
  istype    = {NONE},
}

@phdthesis{McCreesh:2017,
  author      = {McCreesh, Ciaran},
  title       = {Solving hard Subgraph Problems in Parallel},
  year        = {2017},
  institution = {University of Glasgow},
  location    = {Glasgow, United Kingdom},
  istype      = {NONE},
}

@inproceedings{McCreeshProsser:2015,
  author    = {McCreesh, Ciaran and Prosser, Patrick},
  title     = {A Parallel, Backjumping Subgraph Isomorphism Algorithm Using
               Supplemental Graphs},
  booktitle = {Proceedings of CP'15},
  year      = {2015},
  publisher = {Springer},
  pages     = {295--312},
  istype    = {NONE},
}

@article{McKeeman:1965,
  author       = {McKeeman, W. M.},
  title        = {Peephole Optimization},
  journaltitle = {Communications of the ACM},
  volume       = {8},
  number       = {7},
  month        = {7},
  year         = {1965},
  pages        = {443--444},
  publisher    = {ACM},
  istype       = {NONE},
}

@mastersthesis{Miller:1971,
  author      = {Miller, Perry L.},
  title       = {Automatic Creation of a Code Generator from a Machine
                 Description},
  year        = {1971},
  institution = {Massachusetts Institute of Technology},
  location    = {Cambridge, Massachusetts, USA},
  istype      = {MACRO},
}

@inproceedings{MouthuyEtAl:2007,
  author    = {Mouthuy, S\'ebastien and Deville, Yves and
               Dooms, Gr\'egoire},
  title     = {Global Constraint for the Set Covering Problem},
  booktitle = {Proceedings of JFPC'07},
  year      = {2007},
  month     = {6},
  location  = {INRIA, Domaine de Voluceau, Rocquencourt, Yvelines, France},
  pages     = {183--192},
  istype    = {NONE},
}

@techreport{Muller:1994,
  author      = {M\"uller, Carsten},
  title       = {Code Selection from Directed Acyclic Graphs in the Context of
                 Domain Specific Digital Signal Processors},
  year        = {1994},
  institution = {Humboldt-Universit\"at},
  location    = {Berlin, Germany},
  istype      = {DAG},
}

@inproceedings{MurrayFranke:2012,
  author    = {Murray, Alastair and Franke, Bj\"orn},
  title     = {Compiling for Automatically Generated Instruction Set
               Extensions},
  booktitle = {Proceedings of CGO'12},
  year      = {2012},
  pages     = {13--22},
  publisher = {ACM},
  istype    = {GRAPH},
}

@phdthesis{Murray:2012,
  author      = {Murray, Alastair Colin},
  title       = {Customising Compilers for Customisable Processors},
  year        = {2012},
  institution = {University of Edinburgh},
  location    = {Edinburgh, Scotland},
  istype      = {GRAPH},
}

@article{Nakata:1967,
  author       = {Nakata, Ikuo},
  title        = {On Compiling Algorithms for Arithmetic Expressions},
  journaltitle = {Communications of the ACM},
  volume       = {10},
  number       = {8},
  year         = {1967},
  pages        = {492--494},
  istype       = {NONE},
}

@inproceedings{NethercoteEtAl:2007,
  author    = {Nethercote, Nicholas and Stuckey, Peter J. and Becket, Ralph and
               Brand, Sebastian and Duck, Gregory J. and Tack, Guido},
  title     = {{MiniZinc: Towards a Standard CP Modelling Language}},
  booktitle = {Proceedings of CP'07},
  year      = {2007},
  pages     = {529--543},
  publisher = {Springer},
  istype    = {NONE},
}

@article{Neyman:1937,
  author       = {Neyman, Jerzy},
  title        = {Outline of a Theory of Statistical Estimation Based on the
                  Classical Theory of Probability},
  journaltitle = {Philosophical Transactions of the Royal Society of London},
  number       = {767},
  pages        = {333--380},
  volume       = {236},
  year         = {1937},
  publisher    = {The Royal Society},
  istype       = {NONE},
}

@phdthesis{Newcomer:1975,
  author      = {Newcomer, Joseph Michael},
  title       = {Machine-Independent Generation of Optimal Local Code},
  year        = {1975},
  institution = {Carnegie Mellon University},
  location    = {Pittsburgh, Pennsylvania, USA},
  istype      = {TREE},
}

@techreport{NewellSimon:1959,
  author      = {Newell, A and Simon, H. A.},
  title       = {The Simulation of Human Thought},
  year        = {1959},
  month       = {6},
  institution = {Mathematics Devision, RAND Corporation},
  location    = {Santa Monica, California, USA},
  istype      = {NONE},
}

@inproceedings{NicolauNovack:1992,
  author    = {Nicolau, Alexandru and Novack, Steven},
  title     = {An Efficient Global Resource Constrained Technique for Exploiting
               Instruction Level Parallelism},
  booktitle = {Proceedings of ICPP'92},
  year      = {1992},
  pages     = {297--301},
  istype    = {NONE},
}

@article{NiemannMarwedel:1997,
  author       = {Niemann, Ralf and Marwedel, Peter},
  title        = {An Algorithm for Hardware/Software Partitioning Using Mixed
                  Integer Linear Programming},
  journaltitle = {Design Automation for Embedded Systems},
  year         = {1997},
  issn         = {0929-5585},
  volume       = {2},
  number       = {2},
  pages        = {165--193},
  publisher    = {Kluwer Academic Publishers},
  istype       = {NONE},
}

@book{RussellNorvig:2010,
  author    = {Russell, Stuart J. and Norvig, Peter},
  title     = {Artificial Intelligence: A Modern Approach},
  edition   = {3},
  publisher = {Pearson Education},
  year      = {2010},
  istype    = {NONE},
}

@inproceedings{NovackNicolau:1994,
  author    = {Novack, Steven and Nicolau, Alexandru},
  title     = {Mutation Scheduling: A Unified Approach to Compiling for
               Fine-Grain Parallelism},
  booktitle = {Proceedings of LCPC'94},
  year      = {1995},
  pages     = {16--30},
  publisher = {Springer},
  istype    = {NONE},
}

@incollection{NovackEtAl:2002,
  author    = {Novack, Steven and Nicolau, Alex and Dutt, Nikil},
  title     = {A Unified Code Generation Approach Using Mutation Scheduling},
  booktitle = {Code Generation for Embedded Processors},
  year      = {2002},
  pages     = {203--218},
  chapter   = {12},
  volume    = {317},
  publisher = {Springer},
  istype    = {NONE},
}

@inproceedings{NowakMarwedel:1989,
  author    = {Nowak, L. and Marwedel, P.},
  title     = {Verification of Hardware Descriptions by Retargetable Code
               Generation},
  booktitle = {Proceedings of DAC'89},
  year      = {1989},
  pages     = {441--447},
  publisher = {ACM},
  istype    = {DAG},
}

@incollection{NymeyerEtAl:1996,
  author    = {Nymeyer, Albert and Katoen, Joost-Pieter and Westra, Ymte and
               Alblas, Henk},
  title     = {Code Generation = A$^{*}$ $+$ BURS},
  booktitle = {Proceedings of CC'06},
  year      = {1996},
  publisher = {Springer},
  pages     = {160--176},
  istype    = {TREE},
}

@article{NymeyerKatoen:1997,
  author       = {Nymeyer, Albert and Katoen, Joost-Pieter},
  title        = {Code Generation Based on Formal Bottom-Up Rewrite Systems
                  Theory and Heuristic Search},
  journaltitle = {Acta Informatica},
  volume       = {34},
  number       = {4},
  year         = {1997},
  pages        = {597--635},
  istype       = {TREE},
}

@online{OCamlBURG,
  author  = {Ramsey, Norman},
  title   = {C-- Downloads},
  url     = {www.cs.tufts.edu/~nr/c--/code.html},
  year    = {2006},
  urldate = {2018-01-31},
  istype  = {TREE},
}

@book{ODonnell:1985,
  author    = {O'Donnell, Michael J.},
  title     = {Equational Logic as a Programming Language},
  publisher = {MIT Press},
  year      = {1985},
  istype    = {NONE},
}

@inproceedings{OhrimenkoEtAl:2007,
  author    = {Ohrimenko, Olga and Stuckey, Peter J. and Codish, Michael},
  title     = {Propagation $=$ Lazy Clause Generation},
  booktitle = {Proceedings of Principles and Practice of Constraint
               Programming},
  year      = {2007},
  pages     = {544--558},
  publisher = {Springer},
  istype    = {NONE},
}

@inproceedings{OplobeduEtAl:1989,
  author    = {Oplobedu, A. and Marcovitch, J. and Tourbier, Y.},
  title     = {CHARME: Un Langage Industriel de Programmation par Contraintes,
               Illustr\`e par Un Application chez Renault},
  booktitle = {Proceedings of the 9th International Workshop on Expert Systems
               and their Applications},
  year      = {1989},
  pages     = {55--70},
  volume    = {1},
  istype    = {NONE},
}

@article{OrgassWaite:1969,
  author       = {Orgass, Richard J. and Waite, William M.},
  title        = {A Base for a Mobile Programming System},
  journaltitle = {Communications of the ACM},
  volume       = {12},
  number       = {9},
  year         = {1969},
  pages        = {507--510},
  istype       = {MACRO},
}

@inproceedings{PalecznyEtAl:2001,
  author    = {Paleczny, Michael and Vick, Christopher and Click, Cliff},
  title     = {The Java Hotspot\textsuperscript{TM} Server Compiler},
  booktitle = {Proceedings of JVM'01},
  year      = {2001},
  publisher = {USENIX Association},
  istype    = {GRAPH},
}

@inproceedings{PaulinEtAl:1994,
  author    = {Paulin, Pierre P. and Liem, Clifford and May, Trevor and
               Sutarwala, Shailesh},
  title     = {CodeSyn: A Retargetable Code Synthesis System},
  booktitle = {Proceedings of HLSS'94},
  year      = {1994},
  pages     = {94--95},
  publisher = {IEEE Computer Society},
  istype    = {DAG},
}

@article{PaulinEtAl:1995,
  author       = {Paulin, Pierre G. and Liem, Clifford and May, Trevor C. and
                  Sutarwala, Shailesh},
  title        = {DSP Design Tool Requirements for Embedded Systems: A
                  Telecommunications Industrial Perspective},
  journaltitle = {Journal of VLSI Signal Processing Systems for Signal, Image
                  and Video Technology},
  year         = {1995},
  volume       = {9},
  number       = {1--2},
  publisher    = {Kluwer Academic Publishers},
  pages        = {23--47},
  istype       = {DAG},
}

@inproceedings{Pelegri-LlopartGraham:1988,
  author    = {Pelegr\'{\i}-Llopart, E. and Graham, S. L.},
  title     = {Optimal Code Generation for Expression Trees: An Application of
               BURS Theory},
  booktitle = {Proceedings of POPL'88},
  year      = {1988},
  pages     = {294--308},
  publisher = {ACM},
  istype    = {TREE},
}

@inproceedings{Pennello:1986,
  author    = {Pennello, Thomas J.},
  title     = {Very Fast LR Parsing},
  booktitle = {Proceedings of CC'86},
  year      = {1986},
  pages     = {145--151},
  publisher = {ACM},
  istype    = {NONE},
}

@inproceedings{PerezRegin:2014,
  author    = {Perez, Guillaume and R\'egin, Jean-Charles},
  title     = {Improving GAC-4 for Table And MDD Constraints},
  booktitle = {Proceedings of CP'14},
  year      = {2014},
  pages     = {606--621},
  publisher = {Springer},
  istype    = {NONE},
}

@inproceedings{PerkinsSites:1979,
  author    = {Perkins, Daniel R. and Sites, Richard L.},
  title     = {Machine-Independent PASCAL Code Optimization},
  booktitle = {Proceedings CC'79},
  year      = {1979},
  pages     = {201--207},
  publisher = {ACM},
  istype    = {NONE},
}

@inproceedings{PhansalkarEtAl:2005,
  author    = {Phansalkar, A. and Joshi, A. and Eeckhout, L. and John, L. K.},
  title     = {Measuring Program Similarity: Experiments with SPEC CPU
               Benchmark Suites},
  booktitle = {Proceedings of ISPASS'05},
  year      = {2005},
  pages     = {10--20},
  publisher = {IEEE},
  istype    = {NONE},
}

@phdthesis{Proebsting:1992:Thesis,
  author      = {Proebsting, Todd A.},
  title       = {Code Generation Techniques},
  year        = {1992},
  month       = {11},
  institution = {The University of Wisconsin--Madison},
  location    = {Madison, Wisconsin, USA},
  istype      = {TREE},
}

@inproceedings{Proebsting:1992:BURS,
  author    = {Proebsting, Todd A.},
  title     = {Simple and Efficient BURS Table Generation},
  booktitle = {Proceedings of PLDI'92},
  year      = {1992},
  pages     = {331--340},
  publisher = {ACM},
  istype    = {TREE},
}

@article{Proebsting:1995:BURS,
  author       = {Proebsting, Todd A.},
  title        = {BURS Automata Generation},
  journaltitle = {Transactions on Programming Language Systems},
  volume       = {17},
  number       = {3},
  year         = {1995},
  pages        = {461--486},
  publisher    = {ACM},
  istype       = {TREE},
}

@online{Proebsting:1995:Proof,
  author  = {Proebsting, Todd A.},
  title   = {Least-Cost Instruction Selection in DAGs is NP-Complete},
  year    = {1995},
  urldate = {2013-04-23},
  url     = {web.archive.org/web/20081012050644/http://research.microsoft.com/~toddpro/papers/proof.htm},
  istype  = {NONE},
}

@incollection{ProebstingWhaley:1996,
  author    = {Proebsting, Todd A. and Whaley, Benjamin R.},
  title     = {One-Pass, Optimal Tree Parsing---With or Without Trees},
  booktitle = {Proceedings of CC'06},
  year      = {1996},
  publisher = {Springer},
  pages     = {294--306},
  istype    = {TREE},
}

@inproceedings{PurdomBrown:1985,
  author    = {Purdom,Jr., Paul W. and Brown, Cynthia A.},
  title     = {Fast Many-to-One Matching Algorithms},
  booktitle = {Proceedings of RTA'85},
  year      = {1985},
  pages     = {407--416},
  publisher = {Springer},
  istype    = {NONE},
}

@article{QuimperEtAl:2005,
  author       = {Quimper, Claude-Guy and Golynski, Alexander and
                  L\'opez-Ortiz, Alejandro and van Beek, Peter},
  title        = {An Efficient Bounds Consistency Algorithm for the Global
                  Cardinality Constraint},
  journaltitle = {Constraints},
  volume       = {10},
  number       = {2},
  year         = {2005},
  pages        = {115--135},
  publisher    = {Kluwer Academic Publishers},
  istype       = {NONE},
}

@inproceedings{Quintao-PereiraPalsberg:2008,
  author    = {Quint\~{a}o Pereira, Fernando Magno and Palsberg, Jens},
  title     = {Register Allocation by Puzzle Solving},
  booktitle = {Proceedings of PDLI'08},
  year      = {2008},
  pages     = {216--226},
  publisher = {ACM},
  istype    = {NONE},
}

@article{RameshRamakrishnan:1992,
  author       = {Ramesh, R. and Ramakrishnan, I. V.},
  title        = {Nonlinear Pattern Matching in Trees},
  journaltitle = {Journal of the ACM},
  volume       = {39},
  number       = {2},
  year         = {1992},
  pages        = {295--316},
  istype       = {NONE},
}

@inproceedings{RamseyDavidson:1998,
  author    = {Ramsey, Norman and Davidson, Jack W.},
  title     = {Machine Descriptions to Build Tools for Embedded Systems},
  booktitle = {Proceedings of LCTES'98},
  year      = {1998},
  pages     = {176--192},
  publisher = {Springer},
  istype    = {MACRO},
}

@inproceedings{RamseyDias:2011,
  author    = {Ramsey, Norman and Dias, Jo\~ao},
  title     = {Resourceable, Retargetable, Modular Instruction Selection Using a
               Machine-Independent, Type-Based Tiling of Low-Level Intermediate
               Code},
  booktitle = {Proceedings of POPL'11},
  year      = {2011},
  pages     = {575--586},
  publisher = {ACM},
  istype    = {MACRO},
}

@article{RauFisher:1993,
  author    = {Rau, B. Ramakrishna and Fisher, Joseph A.},
  title     = {Instruction-Level Parallel Processing: History, Overview, and
               Perspective},
  journal   = {Journal of Supercomputing},
  volume    = {7},
  number    = {1--2},
  month     = {5},
  year      = {1993},
  pages     = {9--50},
  publisher = {Kluwer Academic Publishers},
  istype    = {NONE},
}

@article{Redziejowski:1969,
  author       = {Redziejowski, R. R.},
  title        = {On Arithmetic Expressions and Trees},
  journaltitle = {Communications of the ACM},
  volume       = {12},
  number       = {2},
  year         = {1969},
  pages        = {81--84},
  istype       = {NONE},
}

@incollection{Reeves:2010,
  author    = {Reeves, Colin R.},
  title     = {Genetic Algorithms},
  booktitle = {Handbook of Metaheuristics},
  volume    = {146},
  edition   = {2},
  chapter   = {5},
  pages     = {109--139},
  year      = {2010},
  publisher = {Springer},
  istype    = {NONE},
}

@inproceedings{Regin:1994,
  author    = {R\'egin, Jean-Charles},
  title     = {A Filtering Algorithm for Constraints of Difference in CSPs},
  booktitle = {Proceedings of AAAI'94},
  pages     = {362--367},
  year      = {1994},
  publisher = {AAAI Press},
  istype    = {NONE},
}

@inproceedings{Regin:1996,
  author    = {R\'egin, Jean-Charles},
  title     = {Generalized Arc Consistency for Global Cardinality Constraint},
  booktitle = {Proceedings of AAAI'96},
  year      = {1996},
  pages     = {209--215},
  publisher = {AAAI Press},
  istype    = {NONE},
}

@article{Reiser:1981,
  author       = {Reiser, J. F.},
  title        = {Compiling Three-Address Code for C Programs},
  journaltitle = {The Bell System Technical Journal},
  volume       = {60},
  number       = {2},
  year         = {1981},
  pages        = {159--166},
  publisher    = {AT\&T},
  istype       = {NONE},
}

@techreport{Ripken:1977,
  author      = {Ripken, K.},
  title       = {Formale Beschreibung von Maschinen, Implementierungen und
                 Optimierender Maschinencodeerzeugung aus Attributierten
                 Programmgraphen},
  institution = {Institut f\"ur Informatik, Technical University of Munich},
  location    = {Munich, Germany},
  month       = {7},
  year        = {1977},
  istype      = {TREE},
}

@collection{RossiEtAl:2006,
  editor    = {Rossi, Francesca and van Beek, Peter and Walsh, Toby},
  title     = {Handbook of Constraint Programming},
  publisher = {Elsevier},
  year      = {2006},
  istype    = {NONE},
}

@phdthesis{Rudell:1989,
  author      = {Rudell, Richard L.},
  title       = {Logic Synthesis for VLSI Design},
  year        = {1989},
  institution = {University of California},
  location    = {Berkeley, California, USA},
  istype      = {NONE},
}

@inproceedings{Sacerdoti:1973,
  author    = {Sacerdoti, Earl D.},
  title     = {Planning in a Hierarchy of Abstraction Spaces},
  booktitle = {Proceedings of IJCAI'73},
  publisher = {Morgan Kaufmann},
  year      = {1973},
  pages     = {412--422},
  istype    = {NONE},
}

@article{SakaiEtAl:2003,
  author       = {Sakai, Shuichi and Togasaki, Mitsunori and Yamazaki, Koichi},
  title        = {A Note on Greedy Algorithms for the Maximum Weghted
                  Independent Set Problem},
  journaltitle = {Discrete Applied Mathematics},
  volume       = {126},
  number       = {2-3},
  year         = {2003},
  pages        = {313--322},
  istype       = {NONE},
}

@inproceedings{SarkarEtAl:2001,
  author    = {Sarkar, Vivek and Serrano, Mauricio J. and Simons, Barbara B.},
  title     = {Register-Sensitive Selection, Duplication, and Sequencing of
               Instructions},
  booktitle = {Proceedings of ICS'01},
  year      = {2001},
  pages     = {277--288},
  publisher = {ACM},
  istype    = {DAG},
}

@article{Savage:1951,
  author       = {Savage, Leonard J.},
  title        = {The Theory of Statistical Decision},
  journaltitle = {Journal of the American Statistical Association},
  volume       = {46},
  number       = {253},
  year         = {1951},
  pages        = {55--67},
  publisher    = {JSTOR},
  istype       = {NONE},
}

@inproceedings{SchaeferScholz:2007,
  author    = {Sch\"afer, Stefan and Scholz, Bernhard},
  title     = {Optimal Chain Rule Placement for Instruction Selection Based on
               SSA Graphs},
  booktitle = {Proceedings of M-SCOPES'07},
  year      = {2007},
  pages     = {91--100},
  publisher = {ACM},
  istype    = {GRAPH},
}

@inproceedings{ScharwaechterEtAl:2007,
  author    = {Scharwaechter, Hanno and Youn, Jonghee M. and Leupers, Rainer and
               Paek, Yunheung and Ascheid, Gerd and Meyr, Heinrich},
  title     = {A Code-Generator Generator for Multi-Output Instructions},
  booktitle = {Proceedings of CODES+ISSS'07},
  year      = {2007},
  pages     = {131--136},
  publisher = {ACM},
  istype    = {DAG},
}

@inproceedings{ScholzEckstein:2002,
  author    = {Scholz, Bernhard and Eckstein, Erik},
  title     = {Register Allocation for Irregular Architectures},
  booktitle = {Proceedings of LCTES/M-SCOPES'02},
  year      = {2002},
  pages     = {139--148},
  publisher = {ACM},
  istype    = {NONE},
}

@article{ShamirTsur:1999,
  author       = {Shamir, Ron and Tsur, Dekel},
  title        = {Faster Subtree Isomorphism},
  journaltitle = {Journal of Algorithms},
  volume       = {33},
  number       = {2},
  year         = {1999},
  pages        = {267--280},
  istype       = {NONE},
}

@article{ShankarEtAl:2000,
  author       = {Shankar, Priti and Gantait, Amitrajan and Yuvaraj, A. R. and
                  Madhavan, Maya},
  title        = {A New Algorithm for Linear Regular Tree Pattern Matching},
  journaltitle = {Theoretical Computer Science},
  volume       = {242},
  number       = {1-2},
  year         = {2000},
  pages        = {125--142},
  istype       = {TREE},
}

@inproceedings{ShuEtAl:1996,
  author    = {Shu, J. and Wilson, T. C. and Banerji, D. K.},
  title     = {Instruction-Set Matching and GA-based Selection for
               Embedded-Processor Code Generation},
  booktitle = {Proceedings of VLSID'96},
  year      = {1996},
  pages     = {73--76},
  publisher = {IEEE Computer Society},
  istype    = {TREE},
}

@incollection{SchulteCarlsson:2006,
  author    = {Schulte, Christian and Carlsson, Mats},
  title     = {Finite Domain Constraint Programming Systems},
  booktitle = {Handbook of Constraint Programming},
  chapter   = {14},
  pages     = {495--526},
  publisher = {Elsevier},
  year      = {2006},
  istype    = {NONE},
}

@article{SchuttEtAl:2011,
  author       = {Schutt, Andreas and Feydy, Thibaut and Stuckey, Peter J. and
                  Wallace, Mark G.},
  title        = {Explaining the Cumulative Propagator},
  journaltitle = {Constraints},
  volume       = {16},
  number       = {3},
  year         = {2011},
  pages        = {250--282},
  publisher    = {Kluwer Academic Publishers},
  istype       = {NONE},
}

@inproceedings{SchuttEtAl:2016,
  author    = {Schutt, Andreas and Stuckey, Peter J.},
  title     = {Explaining Producer/Consumer Constraints},
  booktitle = {Proceedings of CP'2016},
  pages     = {438--454},
  year      = {2016},
  istype    = {NONE},
}

@book{Sen:2010,
  author       = {Sen, Rathindra P.},
  title        = {Operations Research: Algorithms and Applications},
  year         = {2010},
  publisher    = {PHI Learning},
  istype       = {NONE},
}

@phdthesis{Simoneaux:1975,
  author      = {Simoneaux, Donald Carlton},
  title       = {High-Level Language Compiling for User-Defineable
                 Architectures},
  year        = {1975},
  institution = {Naval Postgraduate School},
  location    = {Monterey, California, USA},
  istype      = {MACRO},
}

@incollection{Smith:2006,
  author    = {Smith, Barbara M.},
  title     = {Modelling},
  booktitle = {Handbook of Constraint Programming},
  chapter   = {11},
  pages     = {377--406},
  publisher = {Elsevier},
  year      = {2006},
  istype    = {NONE},
}

@mastersthesis{Snyder:1975,
  author       = {Snyder, A.},
  title        = {A Portable Compiler for the Language C},
  year         = {1975},
  instituation = {Massachusetts Institute of Technology},
  location     = {Cambridge, Massachusetts, USA},
  istype       = {MACRO},
}

@article{Solnon:2010,
  author       = {Solnon, Christine},
  title        = {AllDifferent-based Filtering for Subgraph Isomorphism},
  journaltitle = {Artificial Intelligence},
  year         = {2010},
  publisher    = {Elsevier},
  pages        = {850--864},
  istype       = {NONE},
}

@inproceedings{SorlinSolnon:2004,
  author    = {Sorlin, S\'ebastien and Solnon, Christine},
  title     = {A Global Constraint for Graph Isomorphism Problems},
  booktitle = {Proceedings of CPAIOR'04},
  year      = {2004},
  publisher = {Springer},
  pages     = {287--301},
  istype    = {NONE},
}

@inproceedings{SrinivasanReps:2015,
  author    = {Srinivasan, Venkatesh and Reps, Thomas},
  title     = {Synthesis of Machine Code from Semantics},
  booktitle = {Proceedings of PLDI'15},
  year      = {2015},
  pages     = {596--607},
  publisher = {ACM},
  istype    = {NONE},
}

@manual{Stallman:1988,
  author       = {Stallman, Richard},
  title        = {Internals of GNU CC},
  date         = {1988-04-24},
  version      = {1.21},
  url          = {trinity.engr.uconn.edu/~vamsik/internals.pdf},
  urldate      = {2013-05-29},
  organization = {Free Software Foundation, Inc.},
  istype       = {MACRO},
}

@article{StanierWatson:2013,
  author       = {Stanier, James and Watson, Des},
  title        = {Intermediate Representations in Imperative Compilers:
                  A Survey},
  journaltitle = {ACM Computing Surveys},
  volume       = {45},
  number       = {3},
  month        = {7},
  year         = {2013},
  pages        = {26:1--26:27},
  istype       = {NONE},
}

@article{StrongEtAl:1958,
  author       = {Strong, J. and Wegstein, J. and Tritter, A. and Olsztyn, J.
                  and Mock, O. and Steel, T.},
  title        = {The Problem of Programming Communication with Changing
                  Machines: A Proposed Solution},
  journaltitle = {Communications of the ACM},
  volume       = {1},
  number       = {8},
  year         = {1958},
  pages        = {12--18},
  istype       = {NONE},
}

@article{SudarsanamEtAl:1999,
  author       = {Sudarsanam, Ashok and Malik, Sharad and Fujita, Masahiro},
  title        = {A Retargetable Compilation Methodology for Embedded Digital
                  Signal Processors Using a Machine-Dependent Code Optimization
                  Library},
  journaltitle = {Design Automation for Embedded Systems},
  volume       = {4},
  number       = {2--3},
  year         = {1999},
  pages        = {187--206},
  publisher    = {Kluwer Academic Publishers},
  istype       = {NONE},
}

@book{Sweetman:2006,
  author       = {Sweetman, Dominic},
  title        = {See MIPS Run},
  edition      = {2},
  year         = {2006},
  publisher    = {Morgan Kaufmann},
  istype       = {NONE},
}

@inproceedings{TanakaEtAl:2003,
  author    = {Tanaka, Hiroaki and Kobayashi, Shinsuke and Takeuchi, Yoshinori
               and Sakanushi, Keishi and Imai, Masaharu},
  title     = {A Code Selection Method for SIMD Processors with PACK
               Instructions},
  booktitle = {Proceedings of M-SCOPES'03},
  publisher = {Springer},
  pages     = {66--80},
  year      = {2003},
  istype    = {DAG},
}

@article{TanenbaumEtAl:1983,
  author       = {Tanenbaum, Andrew S. and van Staveren, Hans and Keizer, E. G.
                  and Stevenson, Johan W.},
  title        = {A Practical Tool Kit for Making Portable Compilers},
  journaltitle = {Communications of the ACM},
  volume       = {26},
  number       = {9},
  year         = {1983},
  pages        = {654--660},
  publisher    = {ACM},
  istype       = {MACRO},
}

@manual{TI:TMS320C55x:2002,
  sortkey      = {TMS320C55x},
  title        = {TMS320C55x DSP Mnemonic Instruction Set Reference Guide},
  year         = {2002},
  month        = {10},
  number       = {SPRU374G},
  organization = {Texas Instruments},
  istype       = {NONE},
}

@inproceedings{Tirrell:1973,
  author    = {Tirrell, A. Keith},
  title     = {A Study of the Application of Compiler Techniques to the
               Generation of Micro-Code},
  booktitle = {Proceedings of {SIGPLAN/SIGMICRO} Interface Meeting},
  year      = {1973},
  pages     = {67--85},
  publisher = {ACM},
  istype    = {MACRO},
}

@techreport{Tjiang:1986,
  author      = {Tjiang, Steven W. K.},
  title       = {Twig Reference Manual},
  institution = {AT\&T Bell Laboratories},
  location    = {Murray Hill, New Jersey, USA},
  year        = {1986},
  istype      = {TREE},
}

@techreport{Tjiang:1993,
  author      = {Tjiang, Steven W. K.},
  title       = {An Olive Twig},
  institution = {Synopsys Inc.},
  year        = {1993},
  istype      = {TREE},
}

@article{Ullmann:1976,
  author       = {Ullmann, J. R.},
  title        = {An Algorithm for Subgraph Isomorphism},
  journaltitle = {Journal of the ACM},
  volume       = {23},
  number       = {1},
  year         = {1976},
  pages        = {31--42},
  istype       = {NONE},
}

@misc{VanBeek:2014,
  author  = {Van Beek, Peter},
  type    = {Private correspondence},
  year    = {2014},
  month   = {11},
  istype  = {NONE},
}

@incollection{VanBeek:2006,
  author    = {van Beek, Peter},
  title     = {Backtrack Search Algorithms},
  booktitle = {Handbook of Constraint Programming},
  chapter   = {4},
  pages     = {85--134},
  publisher = {Elsevier},
  year      = {2006},
  istype    = {NONE},
}

@inproceedings{VanHoeve:2001,
  author    = {van Hoeve, Willem-Jan},
  title     = {The Alldifferent Constraint: A Survey},
  booktitle = {Proceedings of the Annual Workshop of the ERCIM Working Group on
               Constraints},
  year      = {2001},
  istype    = {NONE},
}

@incollection{VanHoeveKatriel:2006,
  author    = {van Hoeve, Willem-Jan and Katriel, Irit},
  title     = {Global Constraints},
  booktitle = {Handbook of Constraint Programming},
  chapter   = {6},
  pages     = {169--208},
  publisher = {Elsevier},
  year      = {2006},
  istype    = {NONE},
}

@article{VanHentenryckEtAl:1998,
  author       = {van Hentenryck, Pascal and Saraswat, Vijay and Deville, Yves},
  title        = {Design, Implementation, and Evaluation of the Constraint
                  Language \texttt{cc(FD)}},
  journaltitle = {The Journal of Logic Programming},
  volume       = {37},
  number       = {1},
  pages        = {139--164},
  year         = {1998},
  publisher    = {Elsevier},
  istype       = {NONE},
}

@inproceedings{VanPraetEtAl:1994,
  author    = {Van Praet, Johan and Goossens, Gert and Lanneer, Dirk and
               De Man, Hugo},
  title     = {Instruction Set Definition and Instruction Selection for ASIPs},
  booktitle = {Proceedings of ISSS'94},
  year      = {1994},
  pages     = {11--16},
  publisher = {IEEE Computer Society},
  istype    = {GRAPH},
}

@article{VanPraetEtAl:2001,
  author       = {Van Praet, J. and Lanneer, D. and Geurts, W. and
                  Goossens, G.},
  title        = {Processor Modeling and Code Selection for Retargetable
                  Compilation},
  journaltitle = {Transactions on Design Automation of Electronic Systems},
  volume       = {6},
  number       = {3},
  year         = {2001},
  pages        = {277--307},
  publisher    = {ACM},
  istype       = {GRAPH},
}

@inproceedings{Visser:1999,
  author    = {Visser, Bert-Steffen},
  title     = {A Framework for Retargetable Code Generation Using Simulated
               Annealing},
  booktitle = {Proceedings of EUROMICRO'99},
  pages     = {1458--1462},
  year      = {1999},
  publisher = {IEEE Computer Society},
  istype    = {GRAPH},
}

@inproceedings{Visser:2001,
  author    = {Visser, Eelco},
  title     = {Stratego: A Language for Program Transformation Based on
               Rewriting Strategies - System Description of Stratego 0.5},
  booktitle = {Proceedings of RTA'01},
  year      = {2001},
  pages     = {357--361},
  publisher = {Springer},
  istype    = {NONE},
}

@article{Visser:2005,
  author       = {Visser, Eelco},
  title        = {A Survey of Strategies in Rule-Based Program Transformation
                  Systems},
  journaltitle = {Journal of Symbolic Computation},
  volume       = {40},
  number       = {1},
  year         = {2005},
  pages        = {831--873},
  istype       = {NONE},
}

@phdthesis{Wasilew:1972,
  author      = {Wasilew, Stephen Gibbs},
  title       = {A Compiler Writing System with Optimization Capabilities for
                 Complex Object Order Structures},
  year        = {1972},
  institution = {Northwestern University},
  location    = {Evanston, Illinois, USA},
  istype      = {TREE},
}

@phdthesis{Weingart:1973,
  author      = {Weingart, Steven William},
  title       = {An Efficient and Systematic Method of Compiler Code
                 Generation},
  year        = {1973},
  institution = {Yale University},
  location    = {New Haven, Connecticut, USA},
  istype      = {TREE},
}

@inproceedings{WeiseEtAl:1994,
  author    = {Weise, Daniel and Crew, Roger F. and Ernst, Michael and
               Steensgaard, Bjarne},
  title     = {Value Dependence Graphs: Representation Without Taxation},
  booktitle = {Proceedings of POPL'94},
  year      = {1994},
  pages     = {297--310},
  publisher = {ACM},
  istype    = {NONE},
}

@inproceedings{WeisgerberWilhelm:1988,
  author    = {Weisgerber, Beatrix and Wilhelm, Reinhard},
  title     = {Two Tree Pattern Matchers for Code Selection},
  booktitle = {Proceedings of CCHSC'89},
  year      = {1989},
  pages     = {215--229},
  publisher = {Springer},
  istype    = {TREE},
}

@inproceedings{Wendt:1990,
  author    = {Wendt, Alan L.},
  title     = {Fast Code Generation Using Automatically-Generated Decision
               Trees},
  booktitle = {Proceedings of PLDI'90},
  year      = {1990},
  pages     = {9--15},
  publisher = {ACM},
  istype    = {MACRO},
}

@inproceedings{Wess:1992,
  author    = {Wess, Bernhard},
  title     = {Automatic Instruction Code Generation Based on Trellis Diagrams},
  booktitle = {Proceedings of ISCAS'92},
  year      = {1992},
  pages     = {645--648},
  publisher = {IEEE Computer Society},
  istype    = {NONE},
}

@inbook{Wess:1995,
  author    = {Wess, Bernhard},
  title     = {Code Generation Based on Trellis Diagrams},
  booktitle = {Code Generation for Embedded Processors},
  editor    = {Marwedel, Peter and Goossens, Gert},
  year      = {1995},
  chapter   = {11},
  pages     = {188--202},
  publisher = {Springer},
  istype    = {NONE},
}

@phdthesis{Wick:1975,
  author      = {Wick, John Dryer},
  title       = {Automatic Generation of Assemblers},
  year        = {1975},
  institution = {Yale University},
  location    = {New Haven, Connecticut, USA},
  istype      = {NONE},
}

@phdthesis{Wilcox:1971,
  author      = {Wilcox, Thomas Richard},
  title       = {Generating Machine Code for High-Level Programming Languages},
  year        = {1971},
  institution = {Cornell University},
  location    = {Ithaca, New York, USA},
  istype      = {MACRO},
}

@inproceedings{WilsonEtAl:1994,
  author    = {Wilson, Tom and Grewal, Gary and Halley, Ben and Banerji, Dilip},
  title     = {An Integrated Approach to Retargetable Code Generation},
  booktitle = {Proceedings of ISSS'94},
  year      = {1994},
  pages     = {70--75},
  publisher = {IEEE Computer Society},
  istype    = {DAG},
}

@inproceedings{WolinskiKuchcinski:2007,
  author    = {Wolinski, Christophe and Kuchcinski, Krzysztof},
  title     = {Computation Patterns Identification for Instruction Set
               Extensions Implemented as Reconfigurable Hardware},
  booktitle = {Proceedings of ERSA'07},
  year      = {2007},
  pages     = {175--181},
  publisher = {CSREA Press},
  istype    = {DAG},
}

@book{Wolsey:1998,
  author    = {Wolsey, Laurence A.},
  title     = {Integer Programming},
  year      = {1998},
  publisher = {Wiley},
  istype    = {NONE},
}

@incollection{WuLi:2006,
  author    = {Wu, Shengning and Li, Sikun},
  title     = {Instruction Selection for ARM/Thumb Processors Based on a
               Multi-objective Ant Algorithm},
  booktitle = {Computer Science -- Theory and Applications},
  year      = {2006},
  publisher = {Springer},
  pages     = {641--651},
  istype    = {NONE},
}

@book{WulfEtAl:1975,
  author    = {Wulf, William Allan and Johnsson, Richard K. and
               Weinstock, Charles B. and Hobbs, Steven O. and
               Geschke, Charles M.},
  title     = {The Design of an Optimizing Compiler},
  year      = {1975},
  publisher = {Elsevier},
  istype    = {NONE},
}

@inproceedings{WuuYang:2000,
  author    = {Wuu, Hsiao-Tzu Lu and Yang, Wuu},
  title     = {A Simple Tree Pattern-Matching Algorithm},
  booktitle = {Proceedings of ATC'00},
  location  = {Chiyayi, Taiwan},
  pages     = {1--8},
  year      = {2000},
  istype    = {NONE},
}

@inproceedings{XieEtAl:2014,
  author    = {Xie, Mimi and Pan, Chen and Hu, Jingtong and Xue, C.J. and
               Zhuge, Qingfeng},
  title     = {Non-Volatile Registers Aware Instruction Selection for Embedded
               Systems},
  booktitle = {Proceedings of RTCSA'14},
  year      = {2014},
  month     = {8},
  pages     = {1--9},
  publisher = {IEEE Computer Society},
  istype    = {DAG},
}

@inproceedings{Yang:2010,
  author    = {Yang, Wuu},
  title     = {A Fast General Parser for Automatic Code Generation},
  booktitle = {Proceedings of MTPP'10},
  year      = {2010},
  pages     = {30--39},
  publisher = {Springer},
  istype    = {TREE},
}

@article{YatesSchwartz:1988,
  author       = {Yates, J. S. and Schwartz, R. A.},
  title        = {Dynamic Programming and Industrial-Strength Instruction
                  Selection: Code Generation by Tiring, but not Exhaustive,
                  Search},
  journaltitle = {SIGPLAN Notices},
  volume       = {23},
  number       = {10},
  year         = {1988},
  pages        = {131--140},
  istype       = {TREE},
}

@article{YounEtAl:2011,
  author       = {Youn, Jonghee M. and Lee, Jongwon and Paek, Yunheung and
                  Lee, Jongeun and Scharwaechter, Hanno and Leupers, Rainer},
  title        = {Fast Graph-Based Instruction Selection for Multi-Output
                  Instructions},
  journaltitle = {Software---Practice \& Experience},
  volume       = {41},
  number       = {6},
  year         = {2011},
  pages        = {717--736},
  publisher    = {John Wiley \& Sons, Inc.},
  istype       = {DAG},
}

@mastersthesis{Young:1974,
  author      = {Young, Raymond},
  title       = {The Coder: A Program Module for Code Generation in High Level
                 Language Compilers},
  year        = {1974},
  institution = {Computer Science Department, University of Illinois},
  location    = {Urbana-Champaign, Illinois, USA},
  istype      = {MACRO},
}

@article{YuHu:1994a,
  author       = {Yu, Kin H. and Hu, Yu Hen},
  title        = {Artificial Intelligence in Scheduling and Instruction
                  Selection for Digital Signal Processors},
  journaltitle = {Applied Artificial Intelligence},
  number       = {3},
  pages        = {377--392},
  volume       = {8},
  year         = {1994},
  istype       = {DAG},
}

@article{YuHu:1994b,
  author       = {Yu, Kin H. and Hu, Yu Hen},
  title        = {Efficient Scheduling and Instruction Selection for
                  Programmable Digital Signal Processors},
  journaltitle = {Transactions on Signal Processing},
  year         = {1994},
  volume       = {42},
  number       = {12},
  pages        = {3549-3552},
  istype       = {DAG},
}

@inproceedings{YuMitra:2004,
  author    = {Yu, Pan and Mitra, Tulika},
  title     = {Scalable Custom Instructions Identification for Instruction-Set
               Extensible Processors},
  booktitle = {Proceedings of CASES'04},
  year      = {2004},
  pages     = {69--78},
  publisher = {ACM},
  istype    = {DAG},
}

@inproceedings{Zimmermann:1979,
  author    = {Zimmermann, G.},
  title     = {The MIMOLA Design System: A Computer Aided Digital Processor
               Design Method},
  booktitle = {Proceedings of DAC'79},
  year      = {1979},
  pages     = {53--58},
  publisher = {IEEE Computer Society},
  istype    = {NONE},
}

@article{ZimmermannGaul:1997,
  author       = {Zimmermann, Wulf and Gaul, Thilo},
  title        = {On the Construction of Correct Compiler Back-Ends:
                  An ASM-Approach},
  journaltitle = {Journal of Universal Computer Science},
  volume       = {3},
  number       = {5},
  pages        = {504--567},
  year         = {1997},
  istype       = {TREE},
}

@article{ZivLampel:1977,
  author       = {Ziv, Jacob and Lempel, Abraham},
  title        = {A Universal Algorithm for Sequential Data Compression},
  journaltitle = {Transactions on Information Theory},
  volume       = {23},
  number       = {3},
  year         = {1977},
  pages        = {337--343},
  publisher    = {IEEE Computer Society},
  istype       = {NONE},
}

@inproceedings{ZivojnovicEtAl:1994,
  author    = {\v{Z}ivojnovi\'c, Vojin and Mart\'{\i}nez Velarde, Juan and
               Schl\"ager, Christian and Meyr, Heinrich},
  title     = {DSPstone: A DSP-Oriented Benchmarking Methodology},
  booktitle = {Proceedings of ICSPAT'94},
  pages     = {715--720},
  year      = {1994},
  publisher = {DSP Assoc.},
  istype    = {NONE},
}
