@article{AKYILDIZ2002393,
title = "Wireless sensor networks: a survey",
journal = "Computer Networks",
volume = "38",
number = "4",
pages = "393 - 422",
year = "2002",
issn = "1389-1286",
doi = "https://doi.org/10.1016/S1389-1286(01)00302-4",
url = "http://www.sciencedirect.com/science/article/pii/S1389128601003024",
author = "I.F. Akyildiz and W. Su and Y. Sankarasubramaniam and E. Cayirci",
keywords = "Wireless sensor networks, Ad hoc networks, Application layer, Transport layer, Networking layer, Routing, Data link layer, Medium access control, Error control, Physical layer, Power aware protocols"
}

// f#
@book{sporring2019,
  author = "Jon Sporring",
  title = "Learning to Program with F\#",
  year = 2019
}
